% This file was created with JabRef 2.6.
% Encoding: Cp1252



@ARTICLE{eqrm_Toro97a,
  author = {G. R. Toro and N. A. Abrahamson and J. F. Schneider},
  title = {Model of strong ground motions from earthquakes in {C}entral and
	{E}astern {N}orth {A}merica: {B}est estimates and uncertainties},
  journal = {Seismological Research Letters},
  year = {1997},
  volume = {68},
  pages = {41--57},
  number = {1},
  annote = {attenuation {C}entral and {E}astern {N}orth {A}merica}
}

@ARTICLE{eqrm_Abrahamson97a,
  author = {N. Abrahamson and W. J. Silva},
  title = {Empirical response spectral attenuation relations for shallow crustal
	earthquakes},
  journal = {Seismological Research Letters},
  year = {1997},
  volume = {68},
  pages = {94--127},
  number = {1},
  annote = {attenuation North America response spectral acceleration}
}

@ARTICLE{eqrm_Gaull90a,
  author = {B. A. Gaull and M. O. Michael--Leiba and J. M. W. Rynn},
  title = {Probabilistic earthquake risk maps of {A}ustralia},
  journal = {Australian Journal of Earth Sciences},
  year = {1990},
  volume = {37},
  pages = {169--187},
  annote = {earthquake hazard}
}

@ARTICLE{eqrm_Johnstone96a,
  author = {A. C. Johnstone},
  title = {Seismic moment assessment of earthquakes in stable continental regions
	-- {I}. {I}nstrumental seismicity},
  journal = {Geophysical Journal International},
  year = {1996},
  volume = {124},
  pages = {381--414},
  annote = {magnitude conversion stable continetal regions moment magnitude local
	magnitude seismology}
}

@ARTICLE{eqrm_Boore83a,
  author = {D. M. Boore},
  title = {Strong-motion seismology},
  journal = {Reviews of Geophysics and Space Physics},
  year = {1983},
  volume = {21},
  pages = {1308--1318},
  number = {6},
  annote = {strong ground motion seismology source attenuation }
}


@ARTICLE{eqrm_Sadigh97a,
  author = {K. Sadigh and C. Y. Chang and J. A. Egan and F. Makdisi and R. R.
	Youngs},
  title = {Attenuation relationships for shallow crustal earthquakes based on
	{C}alifornia strong motion data},
  journal = {Seismological Research Letters},
  year = {1997},
  volume = {68},
  pages = {180--189},
  number = {1},
  annote = {attenuation {C}alifornia}
}

@ARTICLE{eqrm_Atkinson97a,
  author = {G. M. Atkinson and D. M. Boore},
  title = {Some comparisons between recent ground--motion relations},
  journal = {Seismological Research Letters},
  year = {1997},
  volume = {68},
  pages = {24--40},
  number = {1}
}

@ARTICLE{eqrm_Campbell03a,
  author = {K. W. Campbell},
  title = {Prediction of Strong Ground Motion using the Hybrid empirical method
	and its use in the development of ground-motion (attenuation) relations
	in {E}astern {N}orth {A}merica},
  journal = {Bulletin of the Seismological Society of America},
  year = {2003},
  volume = {93},
  pages = {1012--1033},
  number = {3},
  annote = {ground motion - attenuation }
}
