% This file was created with JabRef 2.6.
% Encoding: Cp1252

@STRING{am = {American Naturalist}}

@STRING{bull = {Bulletin of the New Zealand Society for Earthquake Engineering}}

@STRING{comp = {Computers and Geosciences}}

@STRING{ecol = {Ecological Modelling}}

@STRING{elec = {Electronic Journal of Structural Engineering}}

@STRING{eng = {Engineering Geology}}

@STRING{eq = {Earthquake Engineering and Structural Dynamics}}

@STRING{geophys = {Geophysical Journal}}

@STRING{j = {Journal of Earthquake Engineering}}

@STRING{nz = {New Zealand Journal of Geology and Geophysics}}

@STRING{pure = {Pure and Applied Geophysics}}

@STRING{risk = {Risk Analysis}}

@STRING{seis = {Seismological Research Letters}}

@ARTICLE{Adeli95,
  author = {H. Adeli and S. Kumer},
  title = {Distributed Finite-Element Analysis on Network of Workstations ---
	Algorithms},
  journal = {121},
  year = {1995},
  pages = {1448--1455}
}

@INPROCEEDINGS{Annaka00,
  author = {T. Annaka and H. Yashiro},
  title = {Uncertainties in a Probabilistic Model for Seismic Hazard Analysis
	in {J}apan},
  booktitle = {Risk Analys {II}},
  year = {2000},
  editor = {C. A. Brebbia},
  pages = {369--378},
  publisher = {WIT Press}
}

@INPROCEEDINGS{Arafah00,
  author = {A. M. Arafah},
  title = {Factors Affecting the Reliability of Reinforced Concrete Beams},
  booktitle = {Risk Analasis {II}},
  year = {2000},
  editor = {C. A. Brebbia},
  pages = {379--387},
  publisher = {WIT Press}
}

@ARTICLE{Bender84,
  author = {B. Bender},
  title = {Incorporating Acceleration Variability Into Seismic Hazard Analysis},
  journal = {74},
  year = {1984},
  pages = {1451--1462}
}

@ARTICLE{Brune70,
  author = {J. N. Brune},
  title = {Techtonic Stress and the Spectra of Seismic Shear Waves from Earthquakes},
  journal = {75},
  year = {1970},
  pages = {4997--5009}
}

@TECHREPORT{Budnitz97,
  author = {R. J. Budnitz and G. Apostolakis and D. M. Boore and L. S Cluff and
	K. J. Coppersmith and C. A. Cornell and P. A. Morris},
  title = {Recommendations for Probabilistic Seismic Hazard Analysis: Guidence
	on Uncertainty and Use of Experts.},
  institution = {Lawence Livermore National Laboratory},
  year = {1997},
  type = {Technical Report.},
  number = {NUREG/CR-6372 UCRL-ID-122160 Vol. 1.}
}

@TECHREPORT{Hazus,
  author = {National Institute of Building Sciences},
  title = {{HAZUS} Technical Manual},
  institution = {Federal Emergency Management Agency},
  year = {1999},
  address = {Washington, D.C.}
}

@ARTICLE{Cao99,
  author = {T. Cao and M. D. Petersen and C. H. Cramer and T/ R. Toppozada and
	M. S. Reichle and J. F. Davis},
  title = {The Calculation of Expected Loss Using Probabilistic Seismic Hazard},
  journal = {89},
  year = {1999},
  pages = {867--876}
}

@ARTICLE{Chandler01,
  author = {A. M. Chandler},
  title = {Response Spectrum Modelling for Regions Lacking Earthquake Records},
  journal = {1},
  year = {2001},
  pages = {60--73}
}

@ARTICLE{Chopra99,
  author = {A. Chopra and R. Goel},
  title = {Capacity-Demand-Diagram Methods Based on Inelastic Design Spectrum},
  journal = {15},
  year = {1999},
  pages = {637--656}
}

@BOOK{Chopra01,
  title = {Dynamics of Structures.},
  publisher = {Prentice-Hall},
  year = {2001},
  author = {A. K. Chopra},
  address = {Upper Sadle River, NJ},
  edition = {2nd}
}

@ARTICLE{Christopoulos02,
  author = {C. Christopoulos and A. Filiatrault and B. Folz},
  title = {Seismic Response of Self-Centring Hysteretic {SDOF} Systems},
  journal = {31},
  year = {2002},
  pages = {1131--1150}
}

@ARTICLE{Comartin00,
  author = {C. D. Comartin and R.W. Niewiarowski and S. A. Freeman and F. M.
	Turner},
  title = {Seismic Evaluation and Retrofit of Concrete Buildings: A Practical
	Overview of the {ATC} 40 Document},
  journal = {16},
  year = {2000},
  pages = {241--261}
}

@ARTICLE{Cornell68,
  author = {C. A. Cornell},
  title = {Engineering Seismic Risk Analysis},
  journal = {58},
  year = {1968},
  pages = {1583--1606}
}

@TECHREPORT{ATC40,
  author = {Applied Technology Council},
  title = {{ATC}-40 --- Seismic Evaluation and Retrofit of Concrete Buildings},
  institution = {Applied Technology Council},
  year = {1996},
  number = {SSC 96-01}
}

@ARTICLE{Cramer96,
  author = {C. H. Cramer and M. D. Petersen and M. S. Reichle},
  title = {A {M}onte {C}arlo Appraoch in Estimating Uncertainty for Seismic
	Hazard Assessment of {L}os {A}ngeles, {V}entura, and {O}range {C}ounties,
	{C}alifornia},
  journal = {86},
  year = {1996},
  pages = {1681--1691}
}

@ARTICLE{Cramer96b,
  author = {C. H. Cramer and M. D. Petersen and M. S. Reichle},
  title = {A {M}onte {C}arlo Approach in Estimating Uncertainty for a Seismic
	Hazard Assessment of {L}os {A}ngeles, {V}entura, and {O}range {C}ounties,
	{C}alifornia},
  journal = {86},
  year = {1996},
  pages = {1681--1691}
}

@TECHREPORT{Dhu02,
  author = {T. Dhu and T. Jones},
  title = {Earthquake Risk in Newcastle and Lake Macquarie},
  institution = {Geoscience Australia},
  year = {2002}
}

@ARTICLE{Ebel99,
  author = {J. E. Ebel and A. L. Kafka},
  title = {A {M}onte {C}arlo Approach to Seismic Hazard Analysis},
  journal = {89},
  year = {1999},
  pages = {854--866}
}

@TECHREPORT{Edwards02,
  author = {M. R. Edwards and J. L. Wilson and N. T. K. Lam},
  title = {Review of {G}eoscience {A}ustralia's Seismic Risk Assessment Model},
  institution = {University of Melbourne},
  year = {2002},
  number = {MEI Ref: 2002-042}
}

@MANUAL{Hazus99,
  title = {{HAZUS} Technical Manual},
  author = {{FEMA}},
  organization = {Federal Emergency Management Agency},
  address = {National Institute of Building Science},
  year = {1999}
}

@ARTICLE{Franchin02,
  author = {P. Franchin and A. Lupoi and P. E. PINTO},
  title = {Difficulties in Probabilistic Determination of Seismic Risk},
  journal = {1},
  year = {2002},
  pages = {1--22}
}

@ARTICLE{Frankel00,
  author = {A. D. Frankel},
  title = {{USGS} National Siesmic Hazard Maps},
  journal = {16},
  year = {2000},
  pages = {1--19}
}

@INPROCEEDINGS{Freeman98,
  author = {S. A. Freeman},
  title = {The Capacity Spectrum Method as a Tool for Seismic Design},
  booktitle = {Proc. 11th European {C}onference on Earthquake Engineering},
  year = {1998}
}

@ARTICLE{Friedrich02,
  author = {J. Friedrich},
  title = {A Linear Analytical Boundary Element Method ({BEM}) for {2D} Homogeneous
	Potential Problems},
  journal = {28},
  year = {2002},
  pages = {679--692}
}

@ARTICLE{Gaull90,
  author = {B. A. Gaull and M. O. Micheal-Leiba and J. M. W. Rynn},
  title = {Probabilistic Earthquake Risk in Australia},
  journal = {Australian Journal of Earth Sciences},
  year = {1990},
  volume = {37},
  pages = {169--187}
}

@ARTICLE{Grimm99,
  author = {V. Grimm},
  title = {Ten Years of Individual-Based Modelling in Ecology: What Have We
	Learned and What Could We Learn in the Future?},
  journal = {115},
  year = {1999},
  pages = {129--148}
}

@ARTICLE{Hoffman94,
  author = {F. O. Hoffman and J. S. Hammonds},
  title = {Propagation of Uncertainty in Risk Assessments: The Need to Distinguish
	Between Uncertainty Due to Lack of Knowledge and Uncertainty Due
	to Variability},
  journal = {14},
  year = {1994},
  pages = {707--712}
}

@ARTICLE{Johnston96,
  author = {A. C. Johnston},
  title = {Seismic Moment Assessment of Earthquakes in Stable Continental Regions---I.
	Instumental Seismicity},
  journal = {124},
  year = {1996},
  pages = {381--414}
}

@INPROCEEDINGS{Kadakal00,
  author = {U. Kadakal and N. G. Kishi and S. J. Byeon},
  title = {An Objective Methodology for the Assessment of Building Vulnerability
	to Earthquakes and the Development of Damage Functions},
  booktitle = {Risk Analysis {II}},
  year = {2000},
  editor = {C. A. Brebbia},
  pages = {83--92},
  publisher = {WIT Press}
}

@ARTICLE{Kagan97,
  author = {Y. Y. Kagan},
  title = {Statistical Aspects of Parkfield Earthquake Sequence and Parkfield
	Prediction Experiment},
  journal = {Tectonophysics},
  year = {1997},
  volume = {270},
  pages = {207--219}
}

@ARTICLE{Kaplan81b,
  author = {S. Kaplan},
  title = {On the Method of Discrete Probability Distriubutions in Risk and
	Reliability Calculation---Application to Seismic Risk Assessment},
  journal = {1},
  year = {1981},
  pages = {189--196}
}

@ARTICLE{Kaplan81,
  author = {S. Kaplan and B. J. Garrick},
  title = {On the Quantitative Definition of Risk},
  journal = {1},
  year = {1981},
  pages = {11-27}
}

@ARTICLE{Kayabali02,
  author = {K. Kayabali},
  title = {Modeling of Seismic Hazard for Turkey Using the Recent Neotechtonic
	Data},
  journal = {63},
  year = {2002},
  pages = {221--232}
}

@ARTICLE{Kennedy80,
  author = {R. P. Kennedy and C. A. Cornell and R. D. Campbell and S. Kaplan
	and H. F. Perla},
  title = {Probabilistic Seismic Saftey Study of an Existing Nuclear Power Plant},
  journal = {Nuclear Engineering and Design},
  year = {1980},
  volume = {59},
  pages = {315--338}
}

@ARTICLE{Kircher97,
  author = {C. A. Kircher},
  title = {Development of Building Damage Functions for Earthquake Loss Estimation},
  journal = {13},
  year = {1997},
  pages = {663--682}
}

@ARTICLE{Kircher97b,
  author = {C. A. Kircher and R. V. Whitman and C. Arnold},
  title = {Estimation of Earthquake Losses to Buildings},
  journal = {13},
  year = {1997},
  pages = {703--720}
}

@BOOK{Kramer96,
  title = {Geotechnical Earthquake Engineering},
  publisher = {Prentice-Hall},
  year = {1996},
  author = {S. L. Kramer},
  address = {Upper Saddle River, New Jersey}
}

@ARTICLE{Krinitsky02,
  author = {E. L. Krinitsky},
  title = {Epistemic and Aleatory Uncertainty: A New Shtick for Probabilistic
	Seismic Hazard Analysis},
  journal = {66},
  year = {2002},
  pages = {157--159}
}

@ARTICLE{Krinitzsky95,
  author = {E. L. Krinitzsky},
  title = {Deterministic Verses Probabilistic Seismic Hazard Analysis for Critical
	Structures},
  journal = {40},
  year = {1995},
  pages = {1--7}
}

@ARTICLE{Lam00,
  author = {N. Lam and J. Wilson and G. Hutchinson},
  title = {Generation of Synthetic Earthquake Accelerograms Using Seismological
	Modelling: A Review},
  journal = {4},
  year = {2000},
  pages = {321--354}
}

@ARTICLE{Matcharashvili02,
  author = {T. Matcharashvili and T. Chelidze and Z. Javakhishvili and E. Ghlonti},
  title = {Detecting Differences in Temporal Distribution of Small Earthquakes
	Before and After Large Events},
  journal = {28},
  year = {2002},
  pages = {693--700}
}

@UNPUBLISHED{Mcguire02,
  author = {R. K. McGuire},
  title = {Computations of Seismic Hazard},
  year = {2002}
}

@ARTICLE{Mcguire77,
  author = {R. K. Mc{G}uire},
  title = {Effects of Uncertainty in Seismicity on Estimates of Seismic Hazard
	for the East Coast of the {U}nited {S}tates},
  journal = {67},
  year = {1977},
  pages = {827--848}
}

@TECHREPORT{Melchers90,
  author = {R. E. Melchers},
  title = {Newcastle Earthquake Study},
  institution = {The Institute of Engineers},
  year = {1990},
  address = {Barton, ACT, Australia}
}

@ARTICLE{Miranda02,
  author = {E. Miranda and J. Ruiz-Garcia},
  title = {Evaluation of Approximate Methods to Estimate Maximum Inelastic Displacement
	Demands},
  journal = {Earthquake Engng Struct. Dyn.},
  year = {2002},
  volume = {31},
  pages = {539--560}
}

@ARTICLE{Musson99,
  author = {R. M.. Musson},
  title = {Determination of Design Earthquakes in Seismic Hazard Analysis Through
	{M}onte {C}arlo Simulation},
  journal = {3},
  year = {1999},
  pages = {463--474}
}

@INPROCEEDINGS{Mccue93,
  author = {K. {M}c{C}ue},
  title = {Seismicity and Earthquake Hazard in {A}ustralia},
  booktitle = {Australian Earthquake Engineering Society Conference},
  year = {1993},
  pages = {9--14}
}

@BOOK{Newmark82,
  title = {Earthquake Spectra and Design.},
  publisher = {Earthquake Engineering Research Institute Monagraph},
  year = {1982},
  author = {N. M. Newmark and W. J. Hall},
  address = {Oakland, California},
  note = {pp. 103}
}

@ARTICLE{Ramirez02b,
  author = {O. Ramirez and M. C. Constantinou and J. D. Gomez and A. S. Whittaker
	and C. Z. Chrusostomou},
  title = {Evaluation of Simplified Methods of Analysis of Yielding Structures
	with Damping Systems},
  journal = {18},
  year = {2002},
  pages = {501--530}
}

@ARTICLE{Ramirez02,
  author = {O. M. Ramirez and M. C. Constantinou and A. S. Whittaker and C. A.
	Kircher and C. Z. Chrysostomou},
  title = {Elastic and Inelastic Seismic Response of Buildings with Damping
	Systems},
  journal = {18},
  year = {2002},
  pages = {531--547}
}

@BOOK{Reiter90,
  title = {Earthquake Hazard Analysis},
  publisher = {Columbia University Press},
  year = {1990},
  author = {L. Reiter},
  address = {N.Y.}
}

@ARTICLE{Rhoades94,
  author = {D. A. Rhoades and R. J. Van Dissen and D. J. Dowrick},
  title = {On the Handling of Uncertainties in Estimating the Hazard of Rupture
	on a Fault Segment},
  journal = {99},
  year = {1994},
  pages = {13:701--712}
}

@ARTICLE{Riddell02,
  author = {R. Riddell and J. E. Garcia and E. Garces},
  title = {Inelastic Deformation Response of {SDOF} Systems Subjected to Earthquakes},
  journal = {Earthquake Engng Struct Dyn.},
  year = {2002},
  volume = {31},
  pages = {515--538}
}

@ARTICLE{Rundle93,
  author = {J. B. Rundle},
  title = {Mafnitude-Frequency Relations for Earthquakes Using a Statistical
	Mechanical Approach},
  journal = {Journal of Geophysical Research},
  year = {1993},
  volume = {98},
  pages = {21,943--21,949}
}

@ARTICLE{Shama02,
  author = {A. Shama and J. B. Mander and S. S. Chen},
  title = {Seismic Investigation of Steel Pile Bents: {II}. Retrofit and Vulnerability
	Analysis},
  journal = {18},
  year = {2002},
  pages = {143--160}
}

@ARTICLE{Shapiro83,
  author = {L. J. Shapiro},
  title = {{The} Asymmetric Boundary Layer Flow Under a Translating Hurricane},
  journal = {Journal of Atmospheric Sciences},
  year = {1983},
  volume = {40},
  pages = {1984--1998}
}

@INPROCEEDINGS{Shepard95,
  author = {R. B. Shepard and E. G. C. Smith and D. D. Spurr},
  title = {Earthquake Insurance Loss Assessments for Regions of {A}ustralia},
  booktitle = {Pacific Conference on Earthquake Engineering},
  year = {1995},
  pages = {343--353}
}

@ARTICLE{Shinozuka97,
  author = {M. Shinozuka and S. E. Chang and R. T. Eguchi and D. P. Abrams and
	H. H. M. Hwang and A. Rose},
  title = {Advances in Earthquake Loss Estimation and Application to {M}emphis,
	{T}ennessee},
  journal = {13},
  year = {1997},
  pages = {739--757}
}

@ARTICLE{Smith02,
  author = {W. D. Smith},
  title = {A Model for {MM} Intensities Near Large Earthquakes},
  journal = {35},
  year = {2002},
  pages = {96--107}
}

@TECHREPORT{Stehle01,
  author = {J. Stehle and T. Jones and D. Syewart and J. Schneider},
  title = {Building Parameters for Earthquake Vulnerability --- Workshop Proceedings
	and Further Investigation.},
  institution = {Geoscience Australia},
  year = {2001}
}

@ARTICLE{Stirling98,
  author = {M. W. Stirling and S. G. Wesnousky and K. R. Berryman},
  title = {Probabilistic Seismic Hazard Analysis of New Zealand},
  journal = {41},
  year = {1998},
  pages = {355-375}
}

@ARTICLE{Thompson96,
  author = {E. F. Thompson and V. J. Cardone},
  title = {Practical Modeling of Hurricane Surface Wind Fields},
  journal = {Journal of Waterway, Port, Coastal and Ocean Engineering},
  year = {1996},
  volume = {??},
  pages = {195--205}
}

@ARTICLE{Toro97,
  author = {G. R. Toro and N. A. Abrahamson and J. F. Schneider},
  title = {Model of Strong Ground Motions from Earthquakes in {C}entral and
	{E}astern {N}orth {A}merica: Best Estimates and Uncertainties.},
  journal = {68},
  year = {1997},
  pages = {41--57}
}

@ARTICLE{Tsai02,
  author = {H. Tsai},
  title = {Estimates of Earthquake Recurrences in the {C}hiayi-{T}ainan Area,
	{T}aiwan},
  journal = {63},
  year = {2002},
  pages = {157--168}
}

@ARTICLE{Tsai01,
  author = {Y-B. Tsai and T-M. Yu and H-L. Chao and C-P. Lee},
  title = {Spatial Distribution and Age Dependence of Human-Fatility Rates from
	the {C}hi-{C}hi, {T}aiwan Earthquake of 21 {S}eptember 1999.},
  journal = {91},
  year = {2001},
  pages = {1298--1309}
}

@ARTICLE{Utsu99,
  author = {T. Utsu},
  title = {Representation and Analysis of the Earthquake Size Distribution:
	A Historical Review and some New Approaches},
  journal = {155},
  year = {1999},
  pages = {509--535}
}

@ARTICLE{Vickery95b,
  author = {P. J. Vickery and L. Twisdale},
  title = {Prediction of Hurricane Wind Speeds in the United States},
  journal = {Journal of Structural Engineering},
  year = {1995},
  volume = {121},
  pages = {1690--1699}
}

@ARTICLE{Vickery95,
  author = {P. J. Vickery and L. A. Twisdale},
  title = {Wind-Field and Filling Models for Hurricane Wind-Speed Predictions},
  journal = {Journal of Structural Engineering},
  year = {1995},
  volume = {121},
  pages = {1700--1709}
}

@ARTICLE{Wald99,
  author = {D. J. Wald and V. Quitoriano and T. H. Heaton and H. Kanamori},
  title = {Relationships Between Peak Ground Acceleration, Peak Ground Velocity,
	and {M}odified {M}ercalli {I}ntensity in {C}alifornia},
  journal = {15},
  year = {1999},
  pages = {557--564}
}

@INPROCEEDINGS{Walker95,
  author = {G. R. Walker},
  title = {Prediction of Insurance Loss from Earhtquakes},
  booktitle = {Pacific Conference on Earthquake Engineering, Australia 1995},
  year = {1995},
  pages = {353--361}
}

@ARTICLE{Weichert80,
  author = {D. H. Weichert},
  title = {Estimation of the Earthquake Recurrence Parameters for Unequal Observation
	Periods for Different Magnitudes},
  journal = {70},
  year = {1980},
  pages = {1337--1346}
}

@ARTICLE{Weichert79,
  author = {D. H. Weichert and W. G. Milne},
  title = {On {C}anadian Methodologies of Probabilistic Seismic Risk Estimation},
  journal = {69},
  year = {1979},
  pages = {1549--1566}
}

@ARTICLE{Wells94,
  author = {D. L. Wells and K. J. Coppersmith},
  title = {New Empirical Relationships Among Magnitude, Rupture Length, Rupture
	Width, Rupture Area, and Surface Displacement},
  journal = {84},
  year = {1994},
  pages = {974--1002}
}

@INPROCEEDINGS{Williams01,
  author = {N. C. Williams and M. Leonard},
  title = {Classifying the Seismic Regions of {A}ustralia.},
  booktitle = {Earthquake Codes in the Real World},
  year = {2001},
  editor = {K. McCue and C. Bubb and D. Finlayson and G. Horoschun and B. Butler},
  pages = {26-1--26-6},
  publisher = {Australian Earthquake Engineering Society}
}

@ARTICLE{Wilson98,
  author = {W. G. Wilson},
  title = {Resolving Discrepancies Between Deterministic Population Models and
	Individual-Based Simulations},
  journal = {151},
  year = {1998},
  pages = {116--134}
}

@BOOK{Woo01,
  title = {The Mathematics of Natural Catastrophes},
  publisher = {Imperial College press},
  year = {2001},
  author = {G. Woo},
  address = {London}
}

@ARTICLE{Woo97,
  author = {G. Woo},
  title = {The Treatment of Earthquake Portfolio Uncertainty: A Focus on Issues
	of Asset Distribution},
  journal = {13},
  year = {1997},
  pages = {833--849}
}

@ARTICLE{Woo96,
  author = {G. Woo},
  title = {Kernael Estimation Methods for Seismic Hazard Area Source Modeling},
  journal = {86},
  year = {1996},
  pages = {353--362}
}

@INCOLLECTION{Yong96,
  author = {C. Yong and C. Xinglian and F. Y. Zhiqian and Y. Mandong},
  title = {Estimating Losses from Future Earthquakes in China},
  booktitle = {Eartyhquake Hazard and Risk},
  publisher = {Kluwer},
  year = {1996},
  editor = {V. Schenk},
  pages = {211--220},
  address = {Dordrecht, The Netherlands}
}

@BOOK{Schenk96,
  title = {Earthquake Hazard and Risk},
  publisher = {Kluwer},
  year = {1996},
  editor = {V. Schenk},
  address = {The Netherlands}
}

