% This file was created with JabRef 2.6.
% Encoding: Cp1252

@ARTICLE{dr_Papazoglou,
  author = {A. J. papazoglou and A. S. Elnashai},
  title = {Analytical and field evidence of the damaging effect of vertical
	earthquake ground motion},
  journal = {Earthquake Engineering and Structural Dynamics},
  year = {1996},
  volume = {25},
  note = {1109--1137},
  annote = {horizontal vertical ground motion building damage amplification regolith}
}

@TECHREPORT{dr_Finnigan01a,
  author = {J. Finnigan {et. al.}},
  title = {Earth System Science},
  institution = {CSIRO and BMRC Panel},
  year = {2001},
  annote = {complex systems earth system science}
}

@ARTICLE{dr_Meyers93a,
  author = {S. D. meyers and B. G. Kelly and J. J. O'{B}rien},
  title = {An introduction to wavelet analysis in oceanography and meteorology:
	with application to the dispersion of {Y}anai {W}aves},
  journal = {Monthly Weather Review},
  year = {1993},
  volume = {121},
  pages = {2858--2866},
  annote = {wavelet}
}

@ARTICLE{dr_Cadek03a,
  author = {O. \breve{C}adek and L. Fleitout},
  title = {Effect of lateral viscosity variations in the top 300km on the geoid
	and dynamic topography},
  journal = {Geophysical Journal International},
  year = {2003},
  volume = {152},
  pages = {566--580},
  annote = {geodesy gravity geoid}
}

@ARTICLE{dr_Abe02a,
  author = {S. Abe and J. H. Dietrich and P. Mora and D. Place},
  title = {Simulation of the influence of rate- and state-dependant friction
	on the macroscopic behaviour of complex fault zones with the lattice
	solid model },
  journal = {Pure and Applied Geophysics},
  year = {2002},
  volume = {159},
  pages = {1967--1983},
  annote = {earthquake simulation}
}

@ARTICLE{dr_Abe00a,
  author = {S. Abe and P. Mora and D. Place},
  title = {Extension of the lattice solid model to incorporate temperature related
	effects},
  journal = {Pure and Applied Geophysics},
  year = {2000},
  volume = {157},
  pages = {1867--1887},
  annote = {earthquake simulation}
}

@ARTICLE{dr_Abers01a,
  author = {G. A. Abers and J. W. Gephart},
  title = {Direct inversion of earthquake first motions for both the stress
	tensor and focal mechanisms and application to {S}outhern {C}alifornia
	},
  journal = {Journal of Geophysical Research},
  year = {2001},
  volume = {106},
  pages = {26523--26540},
  number = {B11},
  annote = {inversion stress}
}

@ARTICLE{dr_Abrahamson97a,
  author = {N. A. Abrahamson and K. M. Shedlock},
  title = {Overview of attenuation relations special issue},
  journal = {Seismological Research Letters},
  year = {1997},
  volume = {68},
  pages = {9--23},
  number = {1},
  annote = {attenuation distance measures}
}

@ARTICLE{dr_Abrahamson96a,
  author = {N. A. Abrahamson and P. G. Sommerville},
  title = {Effects of hanging wall and footwall on ground motions recorded during
	the {N}orthridge {E}arthquake},
  journal = {Bulletin of the Seismological Society of America},
  year = {1996},
  volume = {86},
  pages = {S93--S99},
  number = {1B}
}

@ARTICLE{dr_Abrahamson97a,
  author = {N. Abrahamson and W. J. Silva},
  title = {Empirical response spectral attenuation relations for shallow crustal
	earthquakes},
  journal = {Seismological Research Letters},
  year = {1997},
  volume = {68},
  pages = {94--127},
  number = {1},
  annote = {attenuation North America response spectral acceleration}
}

@TECHREPORT{dr_Adams03a,
  author = {J. Adams and S. Halchuk},
  title = {Fourth generation seismic hazard maps of {C}anada: {V}alues for over
	650 {C}anadian localities intended for the {N}ational {B}uilding
	{C}ode of {C}anada},
  institution = {Geological Survey of Canada},
  year = {2003},
  type = {Open File 4459},
  annote = {earthquake hazard map Canada }
}

@INPROCEEDINGS{dr_Aki99a,
  author = {K. Aki},
  title = {Scale dependance in earthquake processes and seismogenic structures},
  booktitle = {APEC cooperation for earthquake simulation ({ACES}): 1st {ACES} workshop
	proceedings},
  year = {1999},
  editor = {P. Mora},
  pages = {437--439},
  address = {Tokyo},
  month = {31 January -- 5 February},
  publisher = {APEC Cooperation For Earthquake Simulation ({ACES})},
  annote = {earthquake fractal self similar}
}

@ARTICLE{dr_Aki65a,
  author = {K. Aki},
  title = {Maximum likelihood estimate of b in the formula log{N} = a - bM and
	its confidence limits},
  journal = {Bulletin of Earthquake Research Intitute},
  year = {1965},
  volume = {43},
  pages = {237--239},
  annote = {maximum likelihood estimation {G}utenberg {R}ichter}
}

@ARTICLE{dr_Ambrasseys03a,
  author = {N. N. Ambrasseys and J. Douglas},
  title = {Near--field horizontal and vertical earthquake ground motions},
  journal = {Soil Dynamics and Earthquake Engineering},
  year = {2003},
  volume = {23},
  pages = {1--18},
  annote = {attenuation vertical and horizontal ground motion}
}

@INPROCEEDINGS{dr_Annaka00a,
  author = {T. Annaka and H. Yashiro},
  title = {Uncertainties in a probabilistic model for seismic hazard analysis
	in {J}apan},
  booktitle = {Risk Analysis II},
  year = {2000},
  editor = {C. A. Brebbia},
  pages = {369--378},
  publisher = {Wessex Institute of Technology},
  annote = {from Glenn earthquake hazard uncertainty}
}

@TECHREPORT{dr_AON03a,
  author = {{AON}},
  title = {{C}alifornian and {I}ran {EQ} comparisons},
  institution = {AON Impact Forecasting},
  year = {2003},
  type = {Special Cat Alert},
  annote = {Bam California earthquake risk earthquake damage}
}

@ARTICLE{dr_Atkinson04a,
  author = {G. M. Atkinson},
  title = {Empirical attenuation of ground-motion spectral amplitudes in {S}outheastern
	{C}anada and the {N}ortheastern {U}nited {S}tates},
  journal = {Bulletin of Seismological Society of America},
  year = {2004},
  volume = {94},
  pages = {1079--1095},
  number = {3},
  annote = {attenuation response spectral acceleration {C}anada}
}

@ARTICLE{dr_Atkinson04a,
  author = {G. M. Atkinson},
  title = {Empirical attenuation of ground--motion spectral amplitudes in {S}outheastern
	{C}anada and the {N}ortheastern {U}nited {S}tates},
  journal = {Bulletin of the Seismological Society of America},
  year = {2004},
  volume = {94},
  pages = {1079--1095},
  number = {3},
  annote = {attenuation response spectral acceleration}
}

@ARTICLE{dr_Atkinson93a,
  author = {G. M. Atkinson},
  title = {Earthquake source spectra in {E}astern {N}orth {A}merica},
  journal = {Bulletin of the Seismological Society of America},
  year = {1993},
  volume = {83},
  pages = {1778--1798},
  number = {6},
  annote = {source spectra}
}

@ARTICLE{dr_Atkinson97a,
  author = {G. M. Atkinson and D. M. Boore},
  title = {Some comparisons between recent ground--motion relations},
  journal = {Seismological Research Letters},
  year = {1997},
  volume = {68},
  pages = {24--40},
  number = {1}
}

@ARTICLE{dr_Atkinson95a,
  author = {G. M. Atkinson and D. M. Boore},
  title = {Ground--motion relations for {E}astern {N}orth {A}merica},
  journal = {Bulletin of the Seismological Society of America},
  year = {1995},
  volume = {85},
  pages = {17--30},
  number = {1},
  annote = {attenuation }
}

@TECHREPORT{dr_ABS01a,
  author = {{Australian Bureau of Statistics}},
  title = {Construction: {S}pecial {A}rticle - {F}unctional classification of
	building },
  institution = {Australian Bureau of Statistics},
  year = {2001},
  type = {Building Approvals, {Australia}},
  number = {{ABS Cat. No.} 8731.0 },
  annote = {building usage earthquake risk}
}

@MISC{dr_Autodiff03a,
  author = {{Autodiff}},
  howpublished = {Web: http://www.autodiff.org/},
  month = {August},
  year = {2003},
  annote = {automatic differentiation}
}

@ARTICLE{dr_Bucker02a,
  author = {H. M. B\ddot{u}cker abd B. Lang and A. Rasch and C. H. Bischof},
  title = {Computing sensitivities of the electrostatic potential by automatic
	differentiation},
  journal = {Computer Physics Communications},
  year = {2002},
  volume = {147},
  pages = {72---723},
  annote = {inversion automatic differentiation electrostatic potential}
}

@ARTICLE{dr_Bucker03a,
  author = {H. M. B\ddot{u}cker and R. Beucker},
  title = {Using automated differentiation for the solution of the minimum \textit{p}--norm
	estimation problem in magnetoencephalography},
  year = {2003},
  pages = {In Press},
  annote = {inversion automatic differentiation}
}

@INPROCEEDINGS{dr_Bucker_a,
  author = {H. M. B\ddot{u}cker and B. Lang and A Rasch and C. H. Bischof},
  title = {From analytic to automated derivatives: {A} case study of the electrostatic
	potential},
  booktitle = {Proceedings of the 10th Aachen Symposium on signal theory},
  annote = {inversion automatic differentiation electrostatic potential}
}

@BOOKLET{dr_Baker00a,
  title = {A world of technical challenge and personal opportunities with {B}aker
	{A}tlas},
  author = {{Baker Atlas}},
  year = {0000},
  annote = {Petroleum Exploration Reservoir management}
}

@MANUAL{dr_Bardet00a,
  title = {{EERA}: A computer program for {E}quivalent--linear {E}arthquake
	site {R}esponse {A}nalyses of layered soil deposits},
  author = {J. P. Bardet and K. Ichii and C. H. Lin},
  organization = {University of Southern California: Department of Civil Engineering},
  address = {California},
  year = {2000},
  annote = {site amplification}
}

@MANUAL{dr_Bardet01a,
  title = {{NERA}: A computer program for {N}onlinear {E}arthquake site {R}esponse
	{A}nalyses of layered soil deposits},
  author = {J. P. Bardet and T. Tobita},
  organization = {University of Southern California: Department of Civil Engineering},
  address = {California},
  year = {2001},
  annote = {site amplification}
}

@ARTICLE{dr_Beard73a,
  author = {D. C. Beard and P. K. Weyl},
  title = {Influence of texture on porosity and permeability of unconsolidated
	sand},
  journal = {The American Association of Petroleum Geologists Bulletin},
  year = {1973},
  volume = {57},
  pages = {349--369},
  number = {2},
  annote = {whoi}
}

@ARTICLE{dr_Beavers02a,
  author = {J. Beavers},
  title = {A review of seismic hazard description in {US} design codes and procedures},
  journal = {Progress in Structural Engineering and Materials},
  year = {2002},
  volume = {4},
  pages = {1--32},
  number = {1},
  annote = {earthquake hazard standard code building}
}

@INPROCEEDINGS{dr_BenZion00a,
  author = {Y. Ben-{Z}ion and C. G. Sammis},
  title = {Characterisation of fault zones},
  booktitle = {APEC cooperation for earthquake simulation ({ACES}): 2nd {ACES} workshop
	proceedings},
  year = {2000},
  editor = {M. Matsu'ura and K. Nakajima and P. Mora},
  pages = {255--261},
  address = {Tokyo},
  month = {15--20 October},
  publisher = {APEC Cooperation For Earthquake Simulation ({ACES})},
  annote = {fault zones earthquake recurrence}
}

@ARTICLE{dr_Bender84a,
  author = {B. Bender},
  title = {Incorporating acceleration variability into seismic hazard analysis},
  journal = {Bulletin of the Seismological Society of America},
  year = {1984},
  volume = {74},
  pages = {1451--1462},
  number = {4},
  annote = {uncertainty earthquake hazard attenuation}
}

@TECHREPORT{dr_Bischof_b,
  author = {C. H. Bischof and H. M. B\ddot{u}cker and B. Lang and A. Rasch and
	E. Slusanschi},
  title = {Automatic differentiation of large--scale simulation codes is no
	illusion},
  type = {Internal report},
  annote = {inversion automatic differentiation}
}

@TECHREPORT{dr_Bishof_a,
  author = {C. H. Bischof and H. M. B\ddot{u}cker and B. Lang and A. Rasch and
	A. Vehreschild},
  title = {Combining source transformation and operator overloading techniques
	to compute derivatives for {MATLAB} programs},
  type = {Internal report},
  annote = {inversion automatic differentiation Matlab}
}

@TECHREPORT{dr_Bischof_c,
  author = {C. H. Bischof and B. Lang and A. Vehreschild},
  title = {Automatic differentiation for {MATLAB} programs},
  type = {Internal report},
  annote = {inversion automatic differentiation Matlab}
}

@BOOK{dr_Blakely96a,
  title = {Potential theory in Gravity and Magnetic Applications},
  publisher = {Cambridge University Press},
  year = {1996},
  author = {R. J. Blakely},
  address = {UK},
  annote = {Potential field}
}

@ARTICLE{dr_Blakely97a,
  author = {R. J. Blakely and R. L. Christiansen and M. Guffanti and R. E. Wells
	and J. M. Donnelly-Nolan and L. J. P. Muffler and M. A. Clynne and
	J. G. Smith},
  title = {Gravity anomalies, {Q}uaternary vents, and {Q}uaternary faults in
	the southern {C}ascade {R}ange, {O}regon and {C}alifornia: {I}mplications
	for arc and backarc evolution},
  journal = {Journal of Geophysical Research},
  year = {1997},
  volume = {102},
  pages = {22513--22527},
  number = {B10},
  annote = {gravity potential field inversion}
}

@ARTICLE{dr_Blakely02a,
  author = {R. J. Blakely and R. E. Wells and C. S. Weaver and S. Y. Johnson},
  title = {Location, structure, and seismicity of the {S}eattle fault zone,
	{W}ashington: {E}vidence from aeromagnetic anomalies, geologic mapping,
	and seismic-reflection data},
  journal = {GSA Bulletin},
  year = {2002},
  volume = {114},
  pages = {169--177},
  number = {2},
  annote = {potential field magnetic inversion}
}

@ARTICLE{dr_Blong03a,
  author = {R. Blong},
  title = {A review od damage intensity scales},
  journal = {Natural Hazards},
  year = {2003},
  volume = {26},
  pages = {57--76},
  annote = {earthquake building damage intensity}
}

@ARTICLE{dr_Boore03a,
  author = {D. M. Boore},
  title = {Simulation of ground motion using the stochastic method},
  journal = {Pure and Applied Geophysics},
  year = {2003},
  volume = {160},
  pages = {635--676},
  annote = {attenuation stochastic ground motion}
}

@ARTICLE{dr_Boore83a,
  author = {D. M. Boore},
  title = {Strong-motion seismology},
  journal = {Reviews of Geophysics and Space Physics},
  year = {1983},
  volume = {21},
  pages = {1308--1318},
  number = {6},
  annote = {strong ground motion seismology source attenuation }
}

@ARTICLE{dr_Boore97a,
  author = {D. M. Boore and W. B. Joyner and T. E. Fumal},
  title = {Equations for estimating horizontal response spectra and peak acceleration
	from {W}estern {N}orth {A}merican earthquakes: {A} summary of recent
	work},
  journal = {Seismological Research Letters},
  year = {1997},
  volume = {68},
  pages = {128--153},
  number = {1},
  annote = {attenuation North America response spectral acceleration}
}

@ARTICLE{dr_Borcherdt76a,
  author = {R. D. Borecherdt and J. F. Gibbs},
  title = {Effects of local geologic conditions in the {S}an {F}rancisco {B}ay
	region on ground motions and intensities of the 1906 earthquake},
  journal = {Bulletin of the Seismological Society of America},
  year = {1976},
  volume = {66},
  pages = {467--500},
  annote = {site-amplification}
}

@ARTICLE{dr_Boschetti97a,
  author = {F. Boschetti and M. Dentith and R. List},
  title = {Inversion of potential field data by genetic algorithms},
  journal = {Geophysical Prospecting},
  year = {1997},
  volume = {45},
  pages = {461--478},
  annote = {inversion potential field}
}

@ARTICLE{dr_Bour98a,
  author = {M. Bour and D. Fouissac and P. Dominique and C. Martin},
  title = {On the use of microtremor recordings in seismic microzonation},
  journal = {Soild Dynamics and Earthquake Engineering},
  year = {1998},
  volume = {17},
  pages = {465--474},
  annote = {site amplification microtremor}
}

@ARTICLE{dr_Braun04a,
  author = {J. Braun and C. Pauselli},
  title = {Tectonic evolution of the {L}achlan {F}old {B}elt, southeastern {A}ustralia:
	constraints from coupled numerical models of crustal deformation
	and surface erosion driven by subducation of the underlying mantle},
  journal = {Physics of the Earth and Planetary Interiors},
  year = {2003},
  volume = {141},
  pages = {281--301},
  annote = {geodynamics}
}

@ARTICLE{dr_Braun95a,
  author = {J. Braun and M. Sambridge},
  title = {A numerical method for solving partial differential equations on
	highly irregular evolving grids},
  journal = {Nature},
  year = {1995},
  volume = {376},
  pages = {655--660},
  number = {24},
  annote = {natural neighbours differential equation}
}

@ARTICLE{dr_Brocher01a,
  author = {T. M. Brocher and T. Parsons and R. J. Blakely and N. I. Christensen
	and M. A. Fisher and R. E. Wells and {the SHIPS Working Group}},
  title = {Upper crustal structure in {P}uget {L}owland, {W}ashington: {R}esults
	from the 1998 {S}eismic {H}azards {I}nvestigation in {P}uget {S}ound},
  journal = {Journal of Geophysical Research},
  year = {2001},
  volume = {106},
  pages = {13541--13564},
  number = {B7},
  annote = {potential field}
}

@INPROCEEDINGS{dr_Brown00a,
  author = {A. Brown and G. Gibson},
  title = {Reassessment of earthquake hazard in Australia },
  booktitle = {12th World Conference on Earthquake Engineering [Proceedings] },
  year = {2000},
  annote = {attenuation earthquake hazard Australia}
}

@ARTICLE{dr_Brown89a,
  author = {S. R. Brown},
  title = {Transport of fluid and electric current through a single fracture},
  journal = {Journal of Geophysical Research},
  year = {1989},
  volume = {94},
  pages = {9429--9438},
  number = {B7},
  annote = {whoi}
}

@ARTICLE{dr_Brune70a,
  author = {J. N. Brune},
  title = {Tectonic stress and the spectra of seismic shearwaves from earthquakes},
  journal = {Journal of Geophysical Research},
  year = {1970},
  volume = {75},
  pages = {4997--5009},
  number = {26},
  annote = {Brune spectra earthqauke seismology}
}

@TECHREPORT{dr_Budnitz97a,
  author = {R. J. Budnitz and G. Apostolakis and D. M. Boore and L. S. Cluff
	and K. J. Coppersmith and C. A. Cornell and P. A. Morris},
  title = {Recommendations for probabilistic seismic hazard analysis: guidance
	on uncertainty and use of experts},
  institution = {Lawrence Livermore National laboratories},
  year = {1997},
  number = {NUREG/CR-6372-V1},
  annote = {psha earthquake hazard uncertainty expert opinion}
}

@INBOOK{dr_Bernstein99a,
  pages = {25--42},
  title = {Theory and problems of elements of statistics {II}},
  publisher = {Mc{G}raw--Hill},
  year = {1999},
  author = {S. Burnstein and R. Burnstein },
  annote = {Poisson statistics}
}

@INPROCEEDINGS{dr_Bucker01a,
  author = {H. M. B{\"u}cker and R. Beucker and C. H. Bischof},
  title = {{Using Automatic Differentiation for the Minimal $p$-Norm Solution
	of the Biomagnetic Inverse Problem}},
  booktitle = {Shaping Future with Simulation, Proceedings of the 4th International
	Eurosim 2001 Congress, Delft, The Netherlands, June~26--29, 2001},
  year = {2001},
  editor = {A. W. Heemink and L. Dekker and H. {de~Swaan Arons} and I. Smit and
	T. L. van~Stijn},
  publisher = {Dutch Benelux Simulation Society},
  annote = {inversion biomed}
}

@INPROCEEDINGS{dr_Bucker01a,
  author = {H. M. B{\"u}cker and B. Lang and A. Rasch and C. H. Bischof},
  title = {{From analytic to automated derivatives: a case study of the electrostatic
	potential}},
  booktitle = {Algorithms and Software for Mobile Communications, Proceedings of
	the 10th Aachen Symposium on Signal Theory, Aachen, Germany, September~20--21,
	2001},
  year = {2001},
  pages = {255--260},
  address = {Berlin},
  publisher = {VDE~Verlag},
  annote = {inversion electrostatic potential}
}

@ARTICLE{dr_Cadek03a,
  author = {O. Cadek and L. Fleitout},
  title = {Effect of lateral viscosity variations in the top 300 km on thegeoid
	and dynamic topography},
  journal = {Geophysical Journal International},
  year = {2003},
  volume = {152},
  pages = {566--580},
  annote = {geoid gravity}
}

@TECHREPORT{dr_California04a,
  author = {{California Geological Survey}},
  title = {Recommended criteria for delineating seismic hazard zones in {C}alifornia},
  institution = {California Geological Survey},
  year = {2004},
  type = {Special Publication},
  number = {118},
  annote = {earthquake hazard building design loading standard}
}

@INCOLLECTION{dr_Campbell03a,
  author = {K. W. Campbell},
  title = {Strong Motion Attenuation},
  booktitle = {International Handbook of Earthquake and Engineering Seismology },
  publisher = {Academic Press},
  year = {2003},
  editor = {W. H. K. Lee and H. Kanamori and P. C. Jennings and C. Kisslinger},
  volume = {B},
  chapter = {60},
  pages = {1003--1012},
  address = {London},
  annote = {attenuation see: http://www.whklee.org/iaspei.html}
}

@ARTICLE{dr_Caserta02a,
  author = {A. Caserta and V. Ruggiero and P. Lanucara},
  title = {Numerical modelling of dynamical interaction between seismic radiation
	and near--surface geologocial structures: a parrallel approach},
  journal = {Computers and Geoscience},
  year = {2002},
  volume = {28},
  pages = {1069--1077},
  annote = {site amplification}
}

@ARTICLE{dr_Causse,
  author = {E. Causse},
  title = {Avoiding pitfalls of least-squares inversion by using the energy--flux
	error criterion},
  journal = {Geophysical Prospecting},
  year = {2002},
  volume = {50},
  pages = {317--327},
  annote = {inversion}
}

@ARTICLE{dr_Chen02a,
  author = {S. Chen and G. Atkinson},
  title = {Global comparisons of earthquake source spectra},
  journal = {Bulletin of Seismological Society of America},
  year = {2002},
  volume = {92},
  pages = {885--895},
  number = {3},
  annote = {attenuation earthquake source earthqauke spectra}
}

@ARTICLE{dr_Chen95a,
  author = {Y. Chen and D. A. Jackson},
  title = {Robust estimation of mean and variance in fisheries},
  journal = {Transactions of the American Fisheries Society},
  year = {1995},
  volume = {124},
  pages = {401--412},
  annote = {statistics fish}
}

@INPROCEEDINGS{dr_Chernyavskiy02a,
  author = {A. Chernyavskiy and M. S. Zhandanov},
  title = {Three--dimensional inversion of helicopter--borne electromagnetic
	data using the spectral {L}anczos decomposition method},
  booktitle = {SEG International Exposition and 72nd Annual Meeting},
  year = {2002},
  address = {Salt lake City, Utah},
  month = {6--11 October},
  annote = {inversion electromagnetic}
}

@INBOOK{dr_Chopra01a,
  pages = {3--35},
  title = {Chapter 1: {E}quations of motion,problem statement, and solution
	methods in {D}ynamics of structures},
  publisher = {Prentice Hall},
  year = {2001},
  author = {A. K. Chopra},
  address = {New Jersey},
  edition = {Second Edition},
  annote = {equation of motion {SDOF} oscillation}
}

@INBOOK{dr_Chopra01b,
  pages = {783--804},
  title = {Appendix A: {F}requency--domain method of response analysis in {D}ynamics
	of structures},
  publisher = {Prentice Hall},
  year = {2001},
  author = {A. K. Chopra},
  address = {New Jersey},
  edition = {Second Edition},
  annote = {equation of motion {SDOF} oscillation RSA}
}

@BOOK{dr_Chopra01c,
  title = {Dynamics of structures: {T}heory and applications to earthquake engineering},
  publisher = {A. K. Chopra},
  year = {2001},
  author = {A. K. Chopra},
  address = {New Jersey},
  note = {pp.844}
}

@ARTICLE{dr_Chopra99a,
  author = {A. K. Chopra and R. K. Goel},
  title = {Capacity--demand--diagram methods based on inelastic design diagram},
  journal = {Earthquake Spectra},
  year = {1999},
  volume = {15},
  pages = {637--656},
  number = {4},
  annote = {building damage earthquake risk demand capacity method}
}

@ARTICLE{dr_Clark03a,
  author = {D. Clark and K. Mc{C}ue},
  title = {Australian paleoseismology: {T}owards a better basis for seismic
	hazard estimation},
  journal = {Annals of Geophysics},
  year = {2003},
  volume = {46},
  pages = {1087--1105},
  number = {5},
  annote = {paleoseismology sesimicity Australia}
}

@ARTICLE{dr_Constable87a,
  author = {S. C. Constable and R. L. Parker and C. G. Constable},
  title = {Occam's inversion: A practical algorithm for generating smooth models
	from electromagnetic sounding data},
  journal = {Geophysics},
  year = {1987},
  volume = {52},
  pages = {289--300},
  number = {3},
  annote = {inversion MT}
}

@ARTICLE{dr_Cooper02a,
  author = {G. R. J. Cooper},
  title = {Fixed point inversion of geophysical data},
  journal = {Computers and Geoscience},
  year = {2002},
  volume = {28},
  pages = {799--808},
  annote = {inversion geophysics}
}

@ARTICLE{dr_Cornell68a,
  author = {C. A. Cornell},
  title = {Engineering seismic risk analysis},
  journal = {Bulletin of the Seismological Society of America},
  year = {1968},
  volume = {58},
  pages = {1583--1606},
  number = {5},
  annote = {seismic hazard }
}

@ARTICLE{dr_Cramer03a,
  author = {C. H. Cramer},
  title = {Site-specific seismic-hazard analysis that is completely probabilistic},
  journal = {Bulletin of Seismological Society of America},
  year = {2003},
  volume = {93},
  pages = {1841--1846},
  number = {4},
  annote = {earthquake hazard probabilistic uncertainty}
}

@ARTICLE{dr_Cramer96a,
  author = {C. H. Cramer and M. D. Petersen and M. S. Reichle},
  title = {A {M}onte {C}arlo approach in estimating uncertainty for a seismic
	hazard assessment of {L}os {A}ngeles, {V}entura, and {O}range Counties,
	{C}alifornia},
  journal = {Bulletin of the Seismological Society of America},
  year = {1996},
  volume = {86},
  pages = {1681--1691},
  number = {6},
  annote = {from Glenn earthquake hazard uncertainty}
}

@ARTICLE{dr_Cummins94b,
  author = {P. R. Cummins and R. J. Geller and T. Hatori and N. Takeuchi},
  title = {{DSM} complete synthetic seismograms: {SH}, spherically symmetric,
	case},
  journal = {Geophysical Research Letters},
  year = {1994},
  volume = {21},
  pages = {533--536},
  number = {7},
  annote = {source}
}

@ARTICLE{dr_Cummins94a,
  author = {P. R. Cummins and R. J. Geller and N. Takeuchi},
  title = {{DSM} complete synthetic seismograms: {P-SV}, spherically symmetric,
	case},
  journal = {Geophysical Research Letters},
  year = {1994},
  volume = {21},
  pages = {1663--1666},
  number = {15},
  annote = {source}
}

@ARTICLE{dr_Cummins97a,
  author = {P. R. Cummins and N. Takeuchi and R. J. Geller },
  title = {Computation of complete synthetic seismograms for laterally heterogeneous
	models using the {D}irect {S}olution {M}ethod},
  journal = {Geophysical Journal International},
  year = {1997},
  volume = {130},
  pages = {1--16},
  annote = {source}
}

@INBOOK{dr_Cuthebertson98a,
  pages = {13--22},
  title = {Seismicity of {Q}uensland -- 1995 to 1997},
  publisher = {Quensland University Advanced Centre For Earthquake Studies},
  year = {1998},
  author = {R. Cuthbertson and C. Lynam and S. Jaume},
  series = {{QUAKES} Report 3},
  annote = {seismicity Quensland}
}

@ARTICLE{dr_Damico03a,
  author = {V. D'amico and D. Albarello},
  title = {The role of data processing and uncertainty management in seismic
	hazard evaluations: {I}nsights from estimates in the {G}arfagnana--{L}unigiana
	are ({N}orthern {I}taly)},
  year = {2003},
  volume = {29},
  pages = {77--95},
  annote = {earthquake hazard uncertainty Italy}
}

@ARTICLE{dr_Dahle90a,
  author = {A. Dahle and H. Bungum and L. B. Kvamme},
  title = {Attenuation models inferred from intraplate earthquake recordings},
  journal = {Earthquake Engineering and Structural Dynamics},
  year = {1990},
  volume = {19},
  pages = {1125--1141},
  annote = {attenuation intraplate earthquake}
}

@INPROCEEDINGS{dr_Dhu04a,
  author = {T. Dhu and T. Allen and M. Leonard and D. Robinson and J. Schneider},
  title = {A comparison of response spectra from {A}ustralian erthquakes and
	{N}orth {A}merican attenuation models},
  booktitle = {2004 NZSEE Conference},
  year = {2004},
  pages = {Paper Number 47},
  organization = {New Zealand Society of Earthquake Engineering},
  annote = {attenuation earthquake hazard Australia}
}

@TECHREPORT{dr_Dhu02a,
  author = {T. Dhu and T. Jones},
  title = {Earthquake risk in {N}ewcastle and {L}ake {M}acquarie},
  institution = {Geoscience Australia},
  year = {2002},
  type = {GA Record},
  number = {2002/15},
  annote = {earthquake hazard newcastle lake macquarie}
}

@TECHREPORT{dr_Dhu03a,
  author = {T. Dhu and T. Jones and M. Neville},
  title = {Earthquake Shaking Susceptibility of the Botany Area},
  institution = {Geoscience Australia},
  year = {2003},
  address = {Australia}
}

@TECHREPORT{dr_Dhu05a,
  author = {T. Dhu and A. McPherson and D. Robinson and M. Leonard and C. Sinadinovski
	and P. Cummins and J. Schneider },
  title = {Earthquake risk in {A}ustralia},
  institution = {Geoscience Australia},
  year = {2005},
  type = {GA Record},
  annote = {eartqhuake risk Australia}
}

@INCOLLECTION{dr_Dhu02b,
  author = {T. Dhu and D. Robinson and C. Sinadinovski and T. Jones and N. Corby
	and A. Jones and J. Schneider},
  title = {Earthquake Hazard},
  booktitle = {Earthquake Risk in Newcaste and Lake Macquarie, {GA Record:} 2002/15},
  publisher = {Geoscience Australia},
  year = {2002},
  editor = {T. Dhu and T. Jones},
  chapter = {4},
  pages = {43--76},
  annote = {earthquake hazard earthquake risk Newcastle}
}

@TECHREPORT{dr_Dong,
  author = {X. J. Dong and M. Shinozuka},
  title = {Performance analysis and visualisation of electric power systems},
  institution = {University of Californiat at Irvine},
  type = {Internal Report},
  annote = {earthquake risk infrastructure}
}

@ARTICLE{dr_Douglas03a,
  author = {J. Douglas},
  title = {Earthquake ground motion estimation using strong--motion records:
	a review of equations for the estimation of peak ground acceleration
	and response spectral ordinates},
  journal = {Earth--Science Reviews},
  year = {2003},
  volume = {61},
  pages = {43--104},
  annote = {attenuation response spectral acceleration strong motion}
}

@ARTICLE{dr_Dreuzy03a,
  author = {J.-R. de Dreuzy and J. Erhel},
  title = {Efficient algorithms for the determination of the connected fracture
	network and the solution to the steady-state flow equation in fracture
	networks},
  journal = {Computers and Geoscience},
  year = {2003},
  volume = {29},
  pages = {107--111},
  annote = {fluid}
}

@ARTICLE{dr_Dubois,
  author = {P. F. Dubois},
  title = {Ten good practices for scientific programming},
  journal = {Scientific Programming},
  year = {1999},
  pages = {7--11},
  month = {January-February},
  annote = {programming}
}

@MANUAL{dr_EduPro01a,
  title = {ProShake {G}round {R}esponse {A}nalysis {P}rogram: {V}ersion 1.1
	-- {U}ser's manual},
  author = {{EduPro Civil Systems}},
  organization = {EduPro Civil Systems},
  annote = {site amplification see: http://www.proshake.com/}
}

@INPROCEEDINGS{dr_Edwards04a,
  author = {M. R. Edwards and D. J. Robinson and K. J. McAneney and J. Schneider},
  title = {Vulnerability of residential structures in {A}ustralia},
  booktitle = {13th World Conference on Earthquake Engineering},
  year = {2004},
  pages = {Paper Number 2985},
  address = {Vancouver},
  month = {1--6 August},
  annote = {Newcastle MMI damage curves Capacity Spectrum Method EQRM}
}

@ARTICLE{dr_Elam84a,
  author = {W. T. Elam and A. R. Kerstein and J. J. Rehr},
  title = {Critical properties of the void percolation problem for spheres},
  journal = {Physical Review Letters},
  year = {1984},
  volume = {52},
  pages = {1516--1519},
  number = {17},
  annote = {porosity whoi}
}

@ARTICLE{dr_Env02a,
  author = {{Environmental \&\ Science Update}},
  title = {Risk Modelling exercise on {N}ewcastle {E}arthquake},
  journal = {Environmental \&\ Science Update},
  year = {2002},
  volume = {9},
  pages = {5},
  number = {170},
  annote = {{N}ewcastle study earthquake risk earthqauke hazard }
}

@TECHREPORT{dr_EPRI93a,
  author = {{EPRI}},
  title = {Vol 2: {A}ppendices for ground motion estimation. {G}uidelines for
	determining design basis ground motions},
  institution = {Electric Power Research Institute},
  year = {1993},
  number = {EPRI TR-102293},
  address = {Palo Alto, California, U.S.A}
}

@TECHREPORT{dr_ESRI98a,
  author = {{ESRI}},
  title = {{ESRI} shapefile technical description},
  institution = {Environmental Systems Research Institute},
  year = {1998},
  type = {ESRI White Paper},
  month = {July},
  annote = {GIS shapefile}
}

@ARTICLE{dr_Etnyre92a,
  author = {L. M. Etnyre},
  title = {Estimation of petrophysical parameters using a robust {L}evenberg-{M}arquardt
	procedure},
  journal = {The Log Analyst},
  year = {1992},
  pages = {373--389},
  month = {July-August},
  annote = {inversion petroleum}
}

@ARTICLE{dr_Evans94a,
  author = {R. L. Evans},
  title = {Constraints on the large-scale porosity and permeability structure
	of young oceanic crust from velocity and resistivity data},
  journal = {Geophysics Journal International},
  year = {1994},
  volume = {119},
  pages = {869--879},
  annote = {whoi}
}

@INCOLLECTION{dr_Evans92a,
  author = {R. L. Evans and M. E. Everett},
  title = {Magnetotellurics and {M}id--{O}cean ridge melt transport: {A} 2--{D}
	perspective},
  booktitle = {Mantle flow and melt generation at mid--ocean ridges},
  year = {1992},
  editor = {J. P. Morgan and D. K. Blackman and J. M. Sinton},
  volume = { 71},
  series = {Geophysical Monograph},
  note = {conductivity mantle flow magma chamber mid ocean ridge}
}

@ARTICLE{dr_Evans99b,
  author = {R. L. Evans and L. K. Law and B. St. Louis and S. Cheesman and K.
	Sananikone},
  title = {The shallow porosity structure of the {E}el shelf, northern {C}alifornia:
	results of a towed electromagnetic survey},
  journal = {Marine Geology},
  year = {1999},
  volume = {154},
  pages = {211--226},
  annote = {whoi}
}

@ARTICLE{dr_Evans99a,
  author = {R. L. Evans and P. Tarits and A. D. Chave and A. White and G. Heinson
	and J. H. Filloux and H. Toh and N. Seama and H. Utada and J. R.
	Booker and M. J. Unsworth},
  title = {Asymmetric electrical structure in the mantle beneath the {E}ast
	{P}acific {R}ise at 17 degrees {S}.},
  journal = {Science},
  year = {1999},
  volume = {286},
  pages = {752-756},
  number = {5440},
  annote = {inversion MT}
}

@INBOOK{dr_FEMA99a,
  pages = {4.11--4.24},
  title = {Chapter 4: {P}otential {E}arth {S}cience {H}azards ({PESH})},
  publisher = {Federal Emergency Management Agency},
  year = {1999},
  author = {{FEMA}},
  volume = {{HAZUS99}: {T}echnical {M}anual},
  annote = {attenuation}
}

@MANUAL{dr_FEMA99b,
  title = {{HAZUS99}: {T}echnical {M}anual},
  author = {{FEMA}},
  organization = {Federal Emergency Management Agency},
  address = {Washington {DC}},
  year = {1999}
}

@ARTICLE{dr_Field95a,
  author = {E. H. Field and A. C. Clement and K. H. Jacob and V. Aharonian and
	S. E. Hough and P. A. Friberg and T. O. Babian and S. S. Karapetian
	and S. M. Hovanessian and H. A. Abramian },
  title = {Earthquake site--response study in {G}iumri (formerly {Leninakan),
	{A}rmenia, using ambient noise observations}, Volume = {85}, Year
	= {1995} },
  journal = {Bulletin of the Seismological Society of America},
  pages = {349--353},
  number = {1},
  annote = {microtremor site amplification}
}

@ARTICLE{dr_Field03a,
  author = {E. H. Field and T. H. Jordan and C. A. Cornell},
  title = {Open{SHA}: {A} developing community--modeling environment for seismic
	hazard analysis},
  journal = {Seismological Research Letters},
  year = {2003},
  volume = {74},
  pages = {406--419},
  number = {4},
  annote = {earthquake hazard}
}

@ARTICLE{dr_Frankel00a,
  author = {A. D. Frankel and C. S. Mueller and T. P. Barnhard and E. V. Leyendecker
	and R. L. Wesson and S. C. Harmsen and F. W. Klein and D. M. Perkins
	and N. C. Dickman and S. L. Hanson and M. G. Hopper},
  title = {{USGS} {N}ational seismic hazard maps},
  journal = {Earthquake Spectra},
  year = {2000},
  volume = {16},
  pages = {1--19},
  number = {1},
  annote = {earthquake hazard deaggregation hazard map}
}

@ARTICLE{dr_Friedrich02a,
  author = {J. Friedrich},
  title = {A linear analytical boundary element method ({BEM}) for 2{D} homogeneous
	potential problems},
  journal = {Computers and Geoscience},
  year = {2002},
  volume = {28},
  pages = {679--692},
  annote = {potential field boundary element method gravity potential geoid }
}

@ARTICLE{dr_Fujinawa02a,
  author = {Y. Fujinawa and T. Matsumoto and K. Takahashi},
  title = {Modeling confined pressure changes inducing anomalous electromagnetic
	fields related with earthquakes},
  journal = {Journal of Applied Geophysics},
  year = {2002},
  volume = {49},
  pages = {101--110},
  note = {earthquakes EM SP}
}

@INBOOK{dr_Fulford02a,
  pages = {103--122},
  title = {Earthquake Risk},
  publisher = {Geoscience Australia},
  year = {2002},
  author = {G. Fulford and T. Jones and J. Stehle and N. Corby and D. Robinson
	and J. Schneider and T. Dhu},
  volume = {GA Record 2002/15},
  series = {Earthquake risk in {N}ewcastle and {L}ake {M}acquarie},
  annote = {earthquake risk newcastle}
}


@ARTICLE{dr_Furness99a,
  author = {P. Furness},
  title = {A versatile integral equation technique for magnetic modelling},
  journal = {Journal of Applied Geophysics},
  year = {1999},
  volume = {41},
  pages = {345--357},
  annote = {finite difference self potential}
}

@ARTICLE{dr_Furness94a,
  author = {P. Furness},
  title = {A finite difference model for mineral self potentials in complex
	environments},
  journal = {Journal of Applied Geophysics},
  year = {1994},
  volume = {32},
  pages = {235--243},
  annote = {finite difference self potential}
}

@ARTICLE{dr_Furness92a,
  author = {P. Furness},
  title = {Modelling spontaneous mineralization potentials with anew integral
	equation},
  journal = {Journal of Applied Geophysics},
  year = {1992},
  volume = {29},
  pages = {142--155},
  annote = {potential field integral equation}
}

@ARTICLE{dr_Gallagher94a,
  author = {K. Gallagher and M. Sambridge},
  title = {Genetic Algorithms: A powerful tool for large-scale nonlinear optimization
	problems},
  journal = {Computers and Geosciences},
  year = {1994},
  volume = {20},
  pages = {1229--1236},
  number = {7/8},
  annote = {inversion}
}

@ARTICLE{dr_Garcia04a,
  author = {J. M. G. Gar\acute{c}ia and M. D. Romacho and A. Jim\acute{e}nez},
  title = {Determination of near--surface attenuation, with \kappa parameter,
	to obtain the seismic moment, stress drop, source dimension and seismic
	energy for microearthquakes in {G}ranada {B}asin({S}outhern {S}pain)},
  journal = {Physics of the Earth and Planetary Interiors},
  year = {2004},
  volume = {141},
  pages = {9--26},
  annote = {earthquake source Spain microearthquakes attenuation}
}

@ARTICLE{dr_Gaull90a,
  author = {B. A. Gaull and M. O. Michael--Leiba and J. M. W. Rynn},
  title = {Probabilistic earthquake risk maps of {A}ustralia},
  journal = {Australian Journal of Earth Sciences},
  year = {1990},
  volume = {37},
  pages = {169--187},
  annote = {earthquake hazard}
}

@TECHREPORT{dr_Gaull02a,
  author = {B. Gaull and H. Gaull},
  title = {Microzonation of the {P}erth {B}asin region of {P}erth, {W}estern
	{A}ustralia},
  institution = {Guria Consulting -- Geoscience Australia},
  year = {2002},
  annote = {microtremor Perth site amplification}
}

@UNPUBLISHED{dr_Geiger_a,
  author = {S. Geiger and S. Roberts and S. K. Matthai and C. Zoppou},
  title = {Modelling multi-phase flow in the {E}arth's {c}rust using node-centred
	finite volumes on unstructured finite element grids },
  annote = {finite volume methods multi-phase flow finite element methods reservoir
	engineering}
}

@ARTICLE{dr_Geophys02a,
  author = {{Geoscience Australia}},
  title = {Synoptic Geophysics Review},
  year = {2002},
  annote = {geophysical networks recommendations},
  institution = {Geoscience Australia}
}

@MISC{dr_GSS79a,
  author = {{Global Seismological Services}},
  title = {Earthquake Parameters in Manual of Seismological Observatory Practice
	(1979 Edition)},
  howpublished = {Web: http://www.seismo.com/msop/msop79/msop.html},
  year = {1979},
  annote = {seismology}
}

@ARTICLE{dr_Gonzalez04a,
  author = {J. Gonz\acute{a}lez and M. Schmitz and F. Audermard and R. Contreras
	and A. Mocquet and J. Delgado and F. D. Santis},
  title = {Site effects of the 1997 {C}ariaco, {V}enezuela earthquake},
  journal = {Engineering geology},
  year = {2004},
  volume = {72},
  pages = {143--177},
  annote = {regolith site amplification Venezuela}
}

@ARTICLE{dr_Gosar01a,
  author = {A. Gosar and R. Stopar and M. Car and M. Mucciarelli},
  title = {The earthquake on 12 {A}pril 1998 in the {K}rn mountains ({S}lovenia):
	ground-motion amplification study using microtremors and modelling
	based on geophysical data},
  journal = {Journal of Applied Geophysics},
  year = {2001},
  volume = {47},
  pages = {153--167},
  annote = {site amplification microtremor}
}

@ARTICLE{dr_Gouveia98a,
  author = {W. P. Gouveia and J. A. Scales},
  title = {Bayesian seismic waveform inversion: {P}arameter estimation and uncertainty
	analysis},
  journal = {Journal of Geophysical Research},
  year = {1998},
  volume = {103},
  pages = {2759--2779},
  number = {B2},
  annote = {inversion seismic waveform uncertainty bayesian}
}

@ARTICLE{dr_Gouveia98a,
  author = {W. P. Gouveia and J. A. Scales},
  title = {Bayesian seismic waveform inversion: {P}arameter estimation and uncertainty
	analysis},
  journal = {Journal of Geophysical Research},
  year = {1998},
  volume = {103},
  pages = {2759--2779},
  number = {B2},
  annote = {inversion bayesian}
}

@ARTICLE{dr_Gouveria97a,
  author = {W. P. Gouveia and J. A. Scales},
  title = {Resolution of seismic waveform inversion: {B}ayes versus {O}ccam},
  journal = {Inverse Problems},
  year = {1997},
  volume = {13},
  pages = {323--349},
  annote = {inversion Bayesian Occam seismic waveform}
}

@TECHREPORT{dr_Granger04a,
  author = {K. Granger and G. Shorten},
  title = {Earthquake risk assessment},
  institution = {Brisbane City Council Natural Disaster Risk Management Study},
  year = {2004},
  type = {DRAFT ONLY},
  annote = {earthquake hazard Brisbane earthquake risk}
}

@ARTICLE{dr_Greenhalgh89a,
  author = {A. A. Greenhalgh and D. Denham and R Mc{D}ougall and J. M. Rynn},
  title = {Intensity relations for {A}ustralian earthquakes},
  journal = {Tectonophysics},
  year = {1989},
  volume = {166},
  pages = {255--267},
  annote = {earthquake intensity Australia earthqauke parameters}
}

@ARTICLE{dr_Griffin63a,
  author = {R. J. Griffin},
  title = { The {B}otany {B}asin},
  journal = {Bulletin of the Geological Survey NSW},
  year = {1963}
}

@ARTICLE{dr_Grunsky02a,
  author = {E. C. Grunsky},
  title = {R: a data analysis and statistical programming environment--an emerging
	tool for the geosciences},
  journal = {Computers and Geoscience},
  year = {2002},
  volume = {28},
  pages = {1219--1222},
  annote = {statistics}
}

@TECHREPORT{dr_Guo02a,
  author = {W. Guo and C. D. Langevin},
  title = {User's guide to {SEAWAT}: {A} computer program for simulation of
	three-dimensional variable-density ground-water flow},
  institution = {{U.S.} {G}eological {S}urvey},
  year = {2002},
  type = {Open File Report},
  number = {01-434},
  annote = {variable density groundwater flow diffusion equation}
}

@ARTICLE{dr_Gutenberg44a,
  author = {B. Gutenberg and C. F. Richter},
  title = {Frequency of earthquakes in {C}alifornia},
  journal = {Bulletin of the Seismological Society of America},
  year = {1944},
  volume = {34},
  pages = {185--188},
  annote = {earthquake-recurrence Gutenberg--Richter}
}

@ARTICLE{dr_Guzzetti02a,
  author = {F. Guzzetti and G. Crosta and R. Detti and F. Agliardi},
  title = {{STONE}: a computer program for the three--dimensional simulation
	of rock--falls},
  journal = {Computers and Geoscience},
  year = {2002},
  volume = {28},
  pages = {1079--1093},
  annote = {rock falls landslide}
}

@ARTICLE{dr_Hammann97a,
  author = {M. H\ddot{a}mmann and H. R. Maurer and A.G. Green and H. Hortsmeyer},
  title = {Self-potential image reconstruction: {C}apabilities and limitations},
  journal = {Journal of Environmental \& Engineering Geophysics},
  year = {1997},
  volume = {2},
  pages = {21--36},
  number = {1},
  annote = {self potential}
}

@ARTICLE{dr_Halperin85a,
  author = {B. I. Halperin and S. Feng and P. N. Sen},
  title = {Difference between lattice and continuum percolation transport exponents},
  journal = {Physical Review Letters},
  volume = {54},
  pages = {2391--2394},
  number = {22},
  annote = {whoi}
}

@ARTICLE{dr_Hanks79a,
  author = {T. C. Hanks and H. Kanamori},
  title = {A moment magnitude scale},
  journal = {Journal of Geophysical Research},
  year = {1979},
  volume = {84},
  pages = {2348--2350},
  number = {B5},
  annote = {moment magnitude local magnitude magnitude conversion}
}

@ARTICLE{dr_Hansen94a,
  author = {P. C. Hansen},
  title = {Regularization Tools: {A} {M}atlab package for analysis and solution
	of discrete ill-posed problems},
  journal = {Numerical Algorithms},
  year = {1994},
  volume = {6},
  pages = {1--35},
  annote = {inversion regularisation matlab ill posed}
}

@ARTICLE{dr_Hartzell83a,
  author = {S. H. Hartzell and T. H. Heaton},
  title = {Inversion of strong ground motion and teleseismic waveform data for
	the fault rupture history of the 1979 {I}mperial {V}alley, {C}alifornia,
	earthquake},
  journal = {Bulletin of the Seismological Society of America},
  year = {1983},
  volume = {73},
  pages = {1553--1583},
  number = {6},
  annote = {inversion source geodetic seismic waveform}
}

@INPROCEEDINGS{dr_Hashimoto00a,
  author = {M. Hashimoto},
  title = {Simulation of complex recurrence behaviour of earthquakes with an
	interacting fault system model},
  booktitle = {APEC cooperation for earthquake simulation ({ACES}): 2nd {ACES} workshop
	proceedings},
  year = {2000},
  editor = {M. Matsu'ura and K. Nakajima and P. Mora},
  pages = {241--245},
  address = {Tokyo},
  month = {15--20 October},
  publisher = {APEC Cooperation For Earthquake Simulation ({ACES})},
  annote = {earthqauke recurrence interacting fault system }
}

@ARTICLE{dr_Hecht03a,
  author = {J. Hecht},
  title = {Quake protection comes at a cost},
  journal = {New Scientist},
  year = {2003},
  pages = {4--5},
  month = {May},
  annote = {earthquake risk earthquake hazard tornado building vulnerability
	damage Memphis}
}

@ARTICLE{dr_Herzfeld,
  author = {U. C. Herzfeld},
  title = {Inverse theory in the earth sciences --an introductory overview with
	emphasis on {G}andin's method of optimum interpolation},
  journal = {Mathematical Geology},
  year = {1996},
  volume = {28},
  pages = {137--160},
  number = {2},
  annote = {inversion}
}

@ARTICLE{dr_Hinze03a,
  author = {W. J. Hinze},
  title = {Bouguer reduction density, why 2.67?},
  journal = {Geophysics},
  year = {2003},
  volume = {68},
  pages = {1559--1560},
  number = {5},
  annote = {gravity Boguer reduction average crustal density}
}

@ARTICLE{dr_Holschneider04a,
  author = {M. Holschneider and A. Teramo and A. Bottari and D. Termini},
  title = {On the relevance of the spatial distribution of events for seismic
	hazard evaluation},
  journal = {Natural Hazards},
  year = {2004},
  volume = {31},
  pages = {1--19},
  annote = {source zones earthquake hazard earthquake source}
}

@TECHREPORT{dr_Holzer02a,
  author = {T. L. Holzer and M. J. Bennett and T. E. Noce and A. C. Padovani
	and J. C. Tinsley},
  title = {Liquefaction hazard and shaking amplification maps of {A}lameda,
	{B}erkeley, {E}mmeryville, {O}akland, and {P}iedmont, {C}alifornia:
	{A} digital database},
  institution = {USGS},
  year = {2002},
  number = {02-296 - Version 1.0},
  annote = {earthquake hazard liquefaction {C}alifornia}
}

@ARTICLE{dr_Hwang02a,
  author = {C. Hwang and C. Wang and L. Lee},
  title = {Adjustment of relative gravity measurements using weighted and datum-free
	constraints},
  journal = {Computers and Geoscience},
  year = {2002},
  volume = {28},
  pages = {1005--1015},
  annote = {gravity adjustments datum}
}

@INPROCEEDINGS{dr_Idriss91a,
  author = {I. M. Idriss},
  title = {Response of soft soil sites during earthquakes},
  booktitle = {H. Bolton Seed},
  year = {1991},
  address = {Vancouver},
  publisher = {Bitech Publishers},
  annote = {site amplification modulus damping regolith}
}

@INPROCEEDINGS{dr_Idriss90a,
  author = {I. M. Idriss},
  title = {Response of Soft Soil Sites During Earthquakes},
  booktitle = {Memorial Symposium to honour Professor Harry Bolton Seed},
  year = {1990},
  address = {Berkeley, California},
  month = {May}
}

@INPROCEEDINGS{dr_Idriss74a,
  author = {I. M. Idriss and H. {Bolton Seed}},
  title = {Effects of local geologic and soil conditions on damage potential
	during earthquakes},
  booktitle = {Second International Congress of the International Association of
	Engineering Geology},
  year = {1974},
  pages = {110--134},
  month = {18-24 August},
  annote = {site amplification modulus damping regolith}
}

@ARTICLE{dr_Idriss68a,
  author = {I. M. Idriss and H. {Bolton Seed}},
  title = {Seismic response of horizontal soil layers},
  journal = {Journal of the Mechanics and Foundations Division Proceedings of
	teh {Am}erican Society of Civil Engineers},
  year = {1968},
  pages = {1003--1031},
  month = {July},
  annote = {site amplification modulus damping regolith}
}

@MANUAL{dr_Idriss92a,
  title = {User's Manual for SHAKE91},
  author = { I. M. Idriss and J. I. Sun },
  organization = { Centre for Geotechnical Engineering, Department of Civil Engineering,
	University of California},
  address = {Davis},
  year = {1992}
}

@INPROCEEDINGS{dr_Igel00a,
  author = {H. Igel and G. Jahnke and M. Kaser and Y. Ben-{Z}ion},
  title = {Wave propogation simulation on regional scales: algorithms and applications},
  booktitle = {APEC cooperation for earthquake simulation ({ACES}): 2nd {ACES} workshop
	proceedings},
  year = {2000},
  editor = {M. Matsu'ura and K. Nakajima and P. Mora},
  pages = {351--355},
  address = {Tokyo},
  month = {15--20 October},
  publisher = {APEC Cooperation For Earthquake Simulation ({ACES})},
  annote = {attenuation}
}

@ARTICLE{dr_Ihmle97a,
  author = {P. F. Ihmle and J. C. Ruegg},
  title = {Source tomography by simulated annealing using broad-band surface
	waves and geodetic data: application to the {M}_w = 8.1 {C}hile 1995
	event},
  journal = {Geophysical Journal International},
  year = {1997},
  volume = {131},
  pages = {146--158},
  annote = {inversion source geodetic seismic waveform}
}

@TECHREPORT{dr_Iman80a,
  author = {Iman, R. L. et al. },
  title = {How {M}onte {C}arlo simulation works},
  institution = {Sandia National Laboraties},
  year = {1980},
  number = {SAND79-1473},
  annote = {{M}onte {C}arlo Latin hypercube sampling}
}

@ARTICLE{dr_Ismaguilov01a,
  author = {V. S. Ismaguilov and Y. A. Kopytenko and K. Hattori and P. M. Voronov
	and O. A. Molchanov and M. Hayakawa},
  title = {{ULF} magnetic emmisions connected with under sea bottom earthquakes},
  journal = {Natural Hazards and Earth System Sciences},
  year = {2001},
  volume = {1},
  pages = {23--31},
  annote = {earthquake source electromagnetic magnetism}
}

@ARTICLE{dr_Iwan67a,
  author = {W. D. Iwan },
  title = { On a class of models for the yielding behaviour of continuous and
	composite systems},
  journal = {Journal of Applied Mechanics},
  year = {1967},
  volume = {34},
  pages = {612--617}
}

@ARTICLE{dr_Jackson78a,
  author = {P. D. Jackson and D. T. Smith and P. N. Stanford},
  title = {Resistivity-porosity-particle shape relationships for marine sands},
  journal = {Geophysics},
  year = {1978},
  volume = {43},
  pages = {1250--1268},
  number = {6},
  annote = {whoi}
}

@ARTICLE{dr_Janssen95a,
  author = {P. H. M. Janssen and P. S. C. Heuber},
  title = {Calibration of process-oriented models},
  journal = {Ecological Modelling},
  year = {1995},
  volume = {83},
  pages = {55--66},
  annote = {calibration measures of misfit validation philosophy of numerical
	modelling}
}

@INBOOK{dr_Jaume97a,
  pages = {27--33},
  title = {Earthquake hazard in {Q}uensland: a reassessment},
  publisher = {Quensland University Advanced Centre For Earthquake Studies},
  year = {1998},
  author = {S. Jaume and R. Cuthbertson and W. Boyce},
  series = {{QUAKES} Report 3},
  annote = {earthquake hazard Quensland}
}

@INBOOK{dr_Jaume98a,
  pages = {119--122},
  title = {Using long distance earthquakes to study local site amplification},
  publisher = {Quensland University Advanced Centre For Earthquake Studies},
  year = {1998},
  author = {S. C. Jaume and M. Winter and R. Cuthbertson},
  series = {{QUAKES} Report 3},
  annote = {site amplification}
}

@ARTICLE{dr_Jensen00a,
  author = {V. H. Jensen},
  title = {Seismic microzonation in {A}ustralia},
  journal = {Journal of Australian Earth Sciences},
  year = {2000},
  volume = {18},
  pages = {3--15},
  annote = {site class regolith microzonation}
}

@ARTICLE{dr_Ji02a,
  author = {C. Ji and D. Wald and D. H. Helmberger },
  title = {Source description of the 1999 {H}ector {M}ine, {C}alifornia, {E}arthquake,
	{P}art {I}: wavelet domain inversion theory and resolution},
  journal = {Bulletin of the Seismological Society of America},
  year = {2002},
  volume = {92},
  pages = {1192--1207},
  number = {4},
  annote = {earthquake source}
}

@ARTICLE{dr_Ji02b,
  author = {C. Ji and D. Wald and D. H. Helmberger },
  title = {Source description of the 1999 {H}ector {M}ine, {C}alifornia, {E}arthquake,
	{P}art {I}: complexity of slip history},
  journal = {Bulletin of the Seismological Society of America},
  year = {2002},
  volume = {92},
  pages = {1208--1226},
  number = {4},
  annote = {earthquake source}
}

@ARTICLE{dr_Johnston90a,
  author = {A. C. Johnston and L. R. Kanter},
  title = {Earthquakes in stable continental crust},
  journal = {Scientific American},
  year = {1990},
  volume = {262},
  pages = {42--47},
  number = {3},
  annote = {earthquake source intraplate stable continent}
}

@ARTICLE{dr_Johnstone96a,
  author = {A. C. Johnstone},
  title = {Seismic moment assessment of earthquakes in stable continental regions
	-- {I}. {I}nstrumental seismicity},
  journal = {Geophysical Journal International},
  year = {1996},
  volume = {124},
  pages = {381--414},
  annote = {magnitude conversion stable continetal regions moment magnitude local
	magnitude seismology}
}

@ARTICLE{dr_Joyner75a,
  author = {W. B. Joyner and A. T. F. Chen },
  title = {Calculation of nonlinear ground response in earthquakes},
  journal = {Bulletin of Seismological Society of America},
  year = {1975},
  volume = {65},
  pages = {1315-1336}
}

@ARTICLE{dr_Kagan97a,
  author = {Y. Y. Kagan},
  title = {Are earthquakes predictable},
  journal = {Geophysical Journal International},
  year = {1997},
  volume = {131},
  pages = {505--525},
  annote = {probabilistic earthquake hazard assessment earthqauke prediction
	fractals seismicity }
}

@ARTICLE{dr_Kagan97b,
  author = {Y. Y. Kagan},
  title = {Statistical aspects of {P}arkfield earthquake sequence and {P}arkfield
	prediction experiment},
  journal = {Tectonophysics},
  year = {1997},
  volume = {270},
  pages = {207--219},
  annote = {seismology statistics earthqauke sequence}
}

@ARTICLE{dr_Kagan95a,
  author = {Y. Y. Kagan and D. D. Jackson},
  title = {New seismic gap hypothesis: {F}ive years after},
  journal = {Journal of Geophysical Research},
  year = {1995},
  volume = {100},
  pages = {3943--3959},
  number = {B3},
  month = {March},
  annote = {seismic gap hypothesis}
}

@ARTICLE{dr_Kagan99a,
  author = {Y. Y. Kagan and D. D. Jackson},
  title = {Long-term probabilistic forecsating of earthquakes},
  journal = {Journal of Geophysical Research},
  year = {1994},
  volume = {99},
  pages = {13685--13700},
  number = {B7},
  month = {July},
  annote = {probabilistic earthquake forecasting}
}

@ARTICLE{dr_Karlsson88a,
  author = {P. Karlsson and Y. Y. Haimes},
  title = {Risk--based analysis of extreme events},
  journal = {Water Resources Research},
  year = {1988},
  volume = {24},
  pages = {9--20},
  number = {1},
  annote = {risk hazard extreme event statistics}
}

@ARTICLE{dr_Kaverina02a,
  author = {A. Kaverina and D. Dreger and E. Price},
  title = {The combined inversion of seismic and geodetic data for source process
	of the 16 {O}ctober 1999 {M}_w 7.1 {H}ector {M}ine, {C}alifornia,
	{E}arthquake },
  journal = {Bulletin of the Seismological Society of America},
  year = {2002},
  volume = {92},
  pages = {1266--1280},
  number = {4},
  annote = {inversion source geodetic seismic waveform}
}

@INPROCEEDINGS{dr_Kennett00a,
  author = {B. Kennett and T. Furumura},
  title = {Propogation of sesimic waves away from earthquakes},
  booktitle = {APEC cooperation for earthquake simulation ({ACES}): 2nd {ACES} workshop
	proceedings},
  year = {2000},
  editor = {M. Matsu'ura and K. Nakajima and P. Mora},
  pages = {175--181},
  address = {Tokyo},
  month = {15--20 October},
  publisher = {APEC Cooperation For Earthquake Simulation ({ACES})},
  annote = {attenuation crustal structure propogation path}
}

@ARTICLE{dr_Kircher97a,
  author = {C. A. Kircher and A. A. Nassar and O. Kustu and W. T. Holmes},
  title = {Development of building damage functions for earthquake loss estimation},
  journal = {Earthquake Spectra},
  year = {1997},
  volume = {13},
  pages = {663--682},
  number = {4},
  annote = {building damage earthquake risk demand capacity method}
}

@ARTICLE{dr_Kircher97b,
  author = {C. A. Kircher and R. K. Reitherman and R. V. Whitman and C. Arnold},
  title = {Estimation of earthquake losses to buildings},
  journal = {Earthquake Spectra},
  year = {1997},
  volume = {13},
  pages = {703--720},
  number = {4},
  annote = {earthuake loss}
}

@ARTICLE{dr_Konikow92a,
  author = {L. F. Konikow and J. D. Bredehoeft},
  title = {Ground water models cannot be validated},
  journal = {Advances in water Resources},
  year = {1992},
  volume = {15},
  pages = {75--83},
  annote = {validation verification philosophy of numerical modelling}
}

@BOOK{dr_Kramer96a,
  title = {Geotechnical earthquake engineering},
  publisher = {Prentice Hill},
  year = {1996},
  author = {S. L. Kramer},
  address = {New Jersey},
  note = {pp. 653}
}

@ARTICLE{dr_Krinitzsky93a,
  author = {E. L. Krinititzsky},
  title = {Earthquake probability in engineering -- {P}art 1: {T}he use and
	missuse of expert opinion.},
  journal = {Engineering Geology},
  year = {1993},
  volume = {33},
  pages = {257--288},
  annote = {earthquake engineering probabilistic earthqauke hazard }
}

@ARTICLE{dr_Krinitizsky02a,
  author = {E. L. Krinitzsky},
  title = {Epistemic and aleatory uncertainty: a new shtick for probabilistic
	sesimic hazard analysis},
  journal = {Engineering Geology},
  year = {2002},
  volume = {66},
  pages = {157--159},
  annote = {earthquake hazard uncertainty probabilistic}
}

@ARTICLE{dr_Krinitzsky95a,
  author = {E. L. Krinitzsky},
  title = {Deterministic versus probabilistic seismic hazard analysis for critical
	structures},
  journal = {Engineering Geology},
  year = {1995},
  volume = {40},
  pages = {1--7},
  annote = {earthqauke hazard deterministic probabilistic}
}

@INPROCEEDINGS{dr_Kulkarni84a,
  author = {R. B. Kulkarni and R. R. Youngs and K. J. Coppersmith},
  title = {Assessment of confidence intervals for results of seismic hazard
	analysis},
  booktitle = {8th {W}orld conference on earthqauke engineering},
  year = {1984},
  pages = {263--270},
  month = {earthquake hazard confidence intervals}
}

@ARTICLE{dr_Kurz04a,
  author = {J. H. Kurz and T. Jahr and G. Jentzsch},
  title = {Earthquake swarm examples and a look at the generation mechanism
	of the {V}ogtland/{W}estern {B}ohemia earthquake swarms},
  journal = {Physics of the Earth and Planetary Interiors},
  year = {2004},
  volume = {142},
  pages = {75--88},
  annote = {earthquake source earthquake swarm Bohmeia}
}

@ARTICLE{dr_Lachet94a,
  author = {C. Lachet and P. Y. Bard},
  title = {Numerical and theoretical investigations on the possibilities and
	limitations of {N}akamura's technique},
  journal = {Earthquake Spectra},
  year = {1994},
  volume = {16},
  pages = {377--397},
  number = {1},
  annote = {microtremor site amplification Nakumura}
}

@ARTICLE{dr_Lam00a,
  author = {N. Lam and J. Wilson and G. Hutchinson},
  title = {Generation of synthetic earthquake accelerograms using seismological
	modelling: a review},
  journal = {Journal of Earthquake Engineering},
  year = {2000},
  volume = {4},
  pages = {321--354},
  number = {3},
  annote = {attenuation}
}

@INBOOK{dr_Lay95a,
  pages = {34--69},
  title = {Chapter 2: Elasticity and Seismic Waves in Modern Global Seismology},
  publisher = {Academic Press},
  year = {1995},
  author = {T. Lay and T. C. Wallace},
  address = {San Diego},
  annote = {seismology stress strain wave propogation}
}

@INBOOK{dr_Lay95a,
  pages = {357--397},
  title = {Chapter 9: Earthquake Kinematics and Dynamics in Modern Global Seismology},
  publisher = {Academic Press},
  year = {1995},
  author = {T. Lay and T. C. Wallace},
  address = {San Diego},
  annote = {seismology earthquake spectra earthquake source}
}

@ARTICLE{dr_Lermo94a,
  author = {J. Lermo and F. J. Chavez--{G}arcia},
  title = {Are microtremors useful in site response evaluation?},
  journal = {Bulletin of the Seismological Society of America},
  year = {1994},
  volume = {84},
  pages = {1350--1364},
  number = {5},
  annote = {site amplification microtremor}
}

@ARTICLE{dr_Leyendecker00a,
  author = {E. V. Leyendecker and R. J. Hunt and A. D. Frankel and K. S. Rukstales},
  title = {Development of maximum considered earthquake ground motion maps},
  journal = {Earthquake Spectra},
  year = {2000},
  volume = {16},
  pages = {21--40},
  number = {1},
  annote = {earthquake hazard hazard maps}
}

@ARTICLE{dr_Li00a,
  author = {Y. Li and D. W. Oldenburg},
  title = {Incorporating geological dip information into geophysical inversions},
  journal = {Geophysics},
  year = {2000},
  volume = {65},
  pages = {148--157},
  number = {1},
  annote = {Inversion Potential Field}
}

@ARTICLE{dr_Li98a,
  author = {Y. Li and D. W. Oldenburg},
  title = {Separation of regional and residual magnetic field data},
  journal = {Geophysics},
  year = {1998},
  volume = {63},
  pages = {431--439},
  number = {2},
  annote = {potential field magnetic}
}

@ARTICLE{dr_Li96a,
  author = {Y. Li and D. W. Oldenburg},
  title = {{3-D} inversion of magnetic data},
  journal = {Geophysics},
  year = {1996},
  volume = {61},
  pages = {394--408},
  number = {2},
  annote = {inversion potential field}
}

@ARTICLE{dr_Liberty99a,
  author = {L. M. Liberty and A. M. Trehu and R. J. Blakely and M. E. Dougherty},
  title = {Intergration of high--resolution seismic and aeromagnetic data for
	earthquake hazards evaluations: {A}n example from the {W}illamette
	{V}alley, {O}regon},
  journal = {Bulletin of the Seismological Society of America},
  year = {1999},
  volume = {89},
  pages = {1473--1483},
  number = {6},
  annote = {inversion potnetial field}
}

@INCOLLECTION{dr_Loh94a,
  author = {C.-H. Loh and W.-Y Jean},
  title = {Uncertainty analysis in seismic hazard evaluations},
  booktitle = {Structural safety and reliability},
  publisher = {Balkema},
  year = {1994},
  editor = {Schueller and Schinozuka},
  annote = {uncertainty earthquake hazard}
}

@INBOOK{dr_Lynam97a,
  pages = {27--33},
  title = {The {A}cacia {R}idge ({B}risbane) earthquake of 18 {J}uly, 1996},
  publisher = {Quensland University Advanced Centre For Earthquake Studies},
  year = {1998},
  author = {C. Lynam and R. Cuthbertson},
  series = {{QUAKES} Report 3},
  annote = {earthquake hazard Quensland}
}

@TECHREPORT{dr_Mangeney02a,
  author = {A. Mangeney-Castelnau and J. P. Vilotte and M. O. Bristeau and F.
	Bouchut and B. Perthame and C. Simeoni and S. Yernini},
  title = {A new kinetic scheme for {S}aint - {V}enant equations applied to
	debris avalanches},
  institution = {Institut National De Recherche En Informatique Et En Automatique},
  year = {2002},
  type = {Rapport de recherche},
  number = {N 4646},
  month = {November},
  annote = {{S}aint - {V}enant equations avalanche modelling finite volume modelling
	}
}

@ARTICLE{dr_Marson-Pidgeon00a,
  author = {K. Marson-Pidgeon and B. L. N. Kennett and M. Sambridge},
  title = {Source depth and mechanism inversion at teleseismic distances using
	a neighbourhood algorithm},
  journal = {Bulletin of the Seismological Society of America},
  year = {2000},
  volume = {90},
  pages = {1369--1383},
  number = {6},
  annote = {inversion source mechanism earthquake depth}
}

@ARTICLE{dr_Marson00a,
  author = {K. Marson--Pidgeon and B. L. N. Kennett and M. Sambridge},
  title = {Source depth and mechanism inversion at teleseismic distances using
	a neighbourhood algorithm},
  journal = {Bulletin of the Seismological Society of America},
  year = {2000},
  volume = {90},
  pages = {1369--1383},
  number = {6},
  annote = {inversion earthquake source neighbourhood natural neighbours}
}

@MISC{dr_Maxvalue02a,
  author = {{Max Value}},
  title = {Monte Carlo Stopping Rule, Part 1 \hfill},
  howpublished = {http://maxvalue.com/tip025.htm},
  year = {2002},
  annote = {Monte Carlo}
}

@INPROCEEDINGS{dr_McCue99a,
  author = {K. McCue},
  title = {The cause of current {A}ustralia intraplate tecton},
  booktitle = {APEC cooperation for earthquake simulation ({ACES}): 1st {ACES} workshop
	proceedings},
  year = {1999},
  editor = {P. Mora},
  pages = {509--510},
  address = {Tokyo},
  month = {31 January -- 5 February},
  publisher = {APEC Cooperation For Earthquake Simulation ({ACES})},
  annote = {seismicity seismology {A}ustralian earthquakes intraplate}
}

@MISC{dr_McGuire03b,
  author = {R. K. Mc{G}uire},
  title = {Computations of seismic hazard},
  howpublished = {http://www.riskeng.com/PublicationsHTML/publications.html},
  month = {January 2003},
  annote = {psha hazard}
}

@MISC{dr_McGuire03a,
  author = {R. K. Mc{G}uire},
  title = {Deterministic vs probabilistic earthquake hazard and risks},
  howpublished = {http://www.riskeng.com/PublicationsHTML/publications.html},
  year = {January 2003},
  annote = {psha earthquake hazard risk}
}

@INCOLLECTION{dr_McGuire90a,
  author = {R. K. Mc{G}uire and W. J. Arabasz},
  title = {An introduction to probabilistic seismic hazard analysis},
  booktitle = {Geotechnical and Environmental Geophysics},
  publisher = {Society of Exploration Geophysics},
  year = {1990},
  editor = {S. H. Ward},
  volume = {III},
  pages = {333--353},
  annote = {probabilistic deterministic earthquake hazard}
}

@ARTICLE{dr_McGuire01a,
  author = {R. K. Mc{G}uire and W. J. Silva and R. Kenneally},
  title = {New seismic design spectra for nuclear power plants},
  journal = {Nuclear Engineering and Design},
  year = {2001},
  volume = {203},
  pages = {249--257},
  annote = {earthquake hazard spectra}
}

@MANUAL{dr_McLaughlin99a,
  title = {Regress+: {A}ppendix {A} - {A} compendium of common probability distributions},
  author = {M. P. Mc{L}aughlin},
  edition = {2nd},
  year = {1999},
  annote = {probability distributions statistics}
}

@ARTICLE{dr_Mehanee02a,
  author = {S. Mehanee and M. Zhandanov},
  title = {Two--dimensional magnetotelluric inversion of blocky geoelectrical
	structures},
  journal = {Journal of Geophysical Research},
  year = {2002},
  volume = {107},
  number = {B4},
  annote = {inversion magnetotelluric conductivity}
}

@ARTICLE{dr_Meremonte96a,
  author = {M. Meremonte and A. Frankel and E. Cranswick and D. Carver and D.
	Worley},
  title = {Urban seismology - {N}orthridge aftershocks recorded by multi-scale
	arrays of portable digital seismographs},
  journal = {Bulletin of the Seismological Society of America},
  year = {1996},
  volume = {86},
  pages = {1350--1363},
  number = {5},
  annote = {amplification}
}

@ARTICLE{dr_Molchan70a,
  author = {G. M. Molchan and V. I. Keilis-Borok and G. V. Vilkovich},
  title = {Seismicity and principal seismic effects},
  journal = {Geophysics Journal of Research Astronomical Society},
  year = {1970},
  volume = {21},
  pages = {323--335},
  annote = {sesimology}
}

@ARTICLE{dr_Montilla03a,
  author = {J. A. P. Montilla and M. Hamdache and C. L. Casado},
  title = {Seismic hazard in {N}orthern {A}lgeria using spatially smoothed seismicity.
	{R}esults for peak ground acceleration},
  journal = {Tectonophysics},
  year = {2003},
  volume = {372},
  pages = {105--119},
  annote = {earthquake hazard Algeria}
}

@INBOOK{dr_Moore93a,
  pages = {512--514},
  title = {Chapter 7: {I}nference for distributions in {I}ntroduction to the
	practice of statistics },
  publisher = {W. H. Freeman and Company},
  year = {1993},
  author = {D. S. Moore and G. P. Mc{C}abe},
  edition = {Second Edition},
  annote = {statistics log normal distribution}
}

@INBOOK{dr_Moore93a,
  pages = {642--665},
  title = {Chapter 9: Inference for regression in {I}ntroduction to the practice
	of statistics },
  publisher = {W. H. Freeman and Company},
  year = {1993},
  author = {D. S. Moore and G. P. Mc{C}abe},
  edition = {Second Edition},
  annote = {statistics linear least squares regression with standard deviation
	of slope and y intercept}
}

@BOOK{dr_Moore93b,
  title = {Introduction to the practice of statistics },
  publisher = {D. S. Moore and G. P. Mc{C}abe},
  year = {1993},
  author = {D. S. Moore and G. P. Mc{C}abe},
  address = {New York},
  edition = {Second Edition},
  note = {pp.854}
}

@INBOOK{dr_Mora97a,
  pages = {11--25},
  title = {Increased earthquake hazard in {Q}uensland: implications for {A}ustralia},
  publisher = {Quensland University Advanced Centre For Earthquake Studies},
  year = {1998},
  author = {P. Mora and S. Jaume and R. Cuthbertson},
  series = {{QUAKES} Report 3},
  annote = {site amplification}
}

@ARTICLE{dr_Moraes00a,
  author = {F. S. Moraes and J. A. Scales},
  title = {Local {B}ayesian inversion: {T}heoretical developments},
  journal = {Geophysical Journal International},
  year = {2000},
  volume = {141},
  pages = {713--723},
  annote = {inversion Bayesian}
}

@BOOK{dr_Morgan90a,
  title = {Uncertainty},
  publisher = {Cambridge University Press},
  year = {1990},
  author = {Morgan and Henrion},
  address = {Cambridge},
  annote = {uncertainty {M}onte {C}arlo}
}

@INBOOK{dr_Munoz03a,
  title = {Communication and Natural Risk },
  author = {F. Munoz-Carmona},
  series = {Internal Newsletter of the Multinational Andean Project: Geoscience
	for Andean Communities},
  annote = {comunity risk}
}

@ARTICLE{dr_Murphy71a,
  author = {J. R. Murphy and A. H. Davis and N. L. Weavers},
  title = {Amplification of seismic body waves by low-velocity surface layers},
  journal = {Bulletin of the Seismological Society of America},
  year = {1971},
  volume = {61},
  pages = {109--145},
  annote = {site-amplification}
}

@ARTICLE{dr_Nafe57a,
  author = {J. E. Nafe and C. L. Drake},
  title = {Variation with depth in shallow and deep water marine sediments of
	porosity, density and the velocities of compressional andshear waves},
  journal = {Geophysics Journal of Research Astronomical Society},
  year = {1957},
  volume = {XXII},
  pages = {523--552},
  annote = {empirical relationship between porosity velocity density}
}

@INCOLLECTION{dr_Nakamura89a,
  author = {Y. Nakamura},
  title = {A method for dynamic characteristics estimation of subsurface using
	microtremor on the ground surface},
  booktitle = {Quarterly Review of the Railway Technical Research Institute},
  publisher = {Railway Technical Research Institute},
  year = {1989},
  volume = {30},
  pages = {25--32},
  annote = {microtremor site amplification}
}

@ARTICLE{dr_Nielsen00a,
  author = {O. M. Nielsen and M. Hegland},
  title = {Parallel performance of fast wavelet transforms},
  journal = {Internation Journal of High performance Computing},
  year = {2000},
  volume = {11},
  pages = {55--74},
  number = {1},
  annote = {wavelet parallel computing}
}

@TECHREPORT{dr_O'Rourke??b,
  author = {T. D. O'Rourke and S. S. Jeon},
  title = {Seismic zonation for lifelines and utilities},
  institution = {Cornell University},
  annote = {from Andres earthquake loss lifelines }
}

@TECHREPORT{dr_O'Rourke??a,
  author = {T. D. O'Rourke and S. S. Jeon and R. T. Eguchi and C. K. Huyk},
  title = {Advanced {GIS} for loss estimation and rapid post-earthquake assessment
	of building damage},
  institution = {Cornell University},
  annote = {GIS earthqauke loss from Andres},
  journal = {from Andres???}
}

@TECHREPORT{dr_Oconnor03a,
  author = {A. Oconnor and T. Dhu and A. Jones and D. Robinson},
  title = {Analysis of variability in regolith site response models: {I}nvestigation
	into the variability of current site response models for seismic
	modelling in the {N}ewcastle and {L}ake {M}acquarie area},
  institution = {Geoscience Australia},
  year = {2003},
  type = {Internal Report},
  address = {Canberra},
  annote = {regolith site class site amplification uncertainty}
}

@ARTICLE{dr_Oldenburg97a,
  author = {D. W. Oldenburg and Y. Li and R. G. Ellis},
  title = {Inversion of geophysical data over a copper gold porphyry deposit:
	{A} case history for {M}t. {M}illigan},
  journal = {Geophysics},
  year = {1997},
  volume = {62},
  pages = {1419--1431},
  number = {5},
  annote = {inversion potential field}
}

@ARTICLE{dr_Oreskes94a,
  author = {N. Oreskes and K. Shrader-Frechette and K. Belitz},
  title = {Verification, validation and confirmation of numerical models in
	the earth sciences},
  journal = {Science},
  year = {1994},
  volume = {263},
  pages = {641 --646},
  annote = {verification validation philosophy of numerical modelling}
}

@ARTICLE{dr_OwenHoffman94a,
  author = {F. Owen-Hoffman and J. S. Hammonds},
  title = {Propogation of uncertainty in risk assessments: the need to distinguish
	between uncertainty due to lack of knowledge and uncertainty due
	to variability},
  journal = {Rosk Analysis},
  year = {1994},
  volume = {14},
  pages = {707--712},
  annote = {uncertainty risk}
}

@ARTICLE{dr_Pan02a,
  author = {T. C. Pan and K. Megawati},
  title = {Estimation of peak ground accelerations of the {M}alay {P}eninsula
	due to distant {S}umatra earthquakes},
  journal = {Bulletin of Seismological Society of America},
  year = {2002},
  volume = {92},
  pages = {1082--1094},
  number = {3},
  annote = {earthquake hazard Sumatra Singapore Malaysia}
}

@ARTICLE{dr_Panza02a,
  author = {G. F. Panza},
  title = {Realistic modelling of seismic input for megacities and large urban
	areas(the {UNESCO/IUGS/IGCP} project 414)},
  journal = {Episodes},
  year = {2002},
  volume = {25},
  pages = {160--184},
  number = {3},
  annote = {earthquake hazard earthquake risk}
}

@BOOK{dr_Parker94a,
  title = {Geophysical Inverse Theory},
  publisher = {Princeston University Press},
  year = {1994},
  author = {R. L. Parker},
  address = {Cambridge, UK},
  annote = {inversion}
}

@TECHREPORT{dr_Patchett04a,
  author = {A. Patchett and D. Robinson and T. Dhu and A. Sanabria},
  title = {Investigating earthquake risk models and uncertainty in probabilistic
	seismic risk analyses},
  institution = {Geoscience Australia},
  year = {2005},
  type = {GA Record},
  number = {2005/02}
}

@INPROCEEDINGS{dr_Pavlenko00a,
  author = {O. Pavlenko and K. Irikura},
  title = {Estimation of nonlinear time--dependant soil behaviour in strong
	ground motions using vertical array data},
  booktitle = {APEC cooperation for earthquake simulation ({ACES}): 2nd {ACES} workshop
	proceedings},
  year = {2000},
  editor = {M. Matsu'ura and K. Nakajima and P. Mora},
  pages = {401--407},
  address = {Tokyo},
  month = {15--20 October},
  publisher = {APEC Cooperation For Earthquake Simulation ({ACES})},
  annote = {non-linear amplification amplification}
}

@INPROCEEDINGS{dr_Petersen00a,
  author = {M. D. Petersen and C. H. Cramer and A. D. Frankel},
  title = {{M}onte {C}arlo uncertainty analysis for the hazard from the {C}ascadia
	subduction zone in the {P}acific {N}orthwest of the {U}nited {S}tates},
  booktitle = {APEC cooperation for earthquake simulation ({ACES}): 2nd {ACES} workshop
	proceedings},
  year = {2000},
  editor = {M. Matsu'ura and K. Nakajima and P. Mora},
  pages = {175--181},
  address = {Tokyo},
  month = {15--20 October},
  publisher = {APEC Cooperation For Earthquake Simulation ({ACES})},
  annote = {earthquake hazard uncertainty {M}onte {C}arlo}
}

@ARTICLE{dr_Petersen00a,
  author = {M. D. Petersen and T. R. Toppozada and T. Cao and C. H. Cramey and
	M. S. Reichle and W. A. Bryant},
  title = {Active fault near--source zones within and bordering the state of
	{C}alifornia for the 1997 {U}niform {B}uilding {C}ode},
  journal = {Earthquake Spectra},
  year = {2000},
  volume = {16},
  pages = {69--83},
  number = {1},
  annote = {earthquake hazard fault sources}
}

@ARTICLE{dr_Puranen99a,
  author = {R. Puranen and H. Saavuori and L. Sahala and I. Suppala and M. Makila
	and J. Lerssi},
  title = {Airborne electromagnetic mapping of surficial deposits in {F}inland},
  journal = {First Break},
  year = {1999},
  volume = {17},
  pages = {145--154},
  number = {5},
  annote = {AEM EM electromagnetic conductivity salinity surficial deposit}
}

@ARTICLE{dr_Quarles02a,
  author = {J. B. Quarles and W. B. Meyer and B. C. Standley },
  title = {After the flood},
  journal = {Civil Engineering},
  year = {2002},
  pages = {66--71},
  month = {July},
  annote = {flood flood risk flood plain information mitigation recovery}
}

@ARTICLE{dr_Raju03a,
  author = {D. Ch. Venkata Raju},
  title = {{LIMAT}: a computer program for least-squares inversion of magnetic
	anomalies over long tabular bodies},
  journal = {Computers and Geoscience},
  year = {2003},
  volume = {29},
  pages = {91--98},
  annote = {inversion magnetic}
}

@INBOOK{dr_Refice02a,
  pages = {735--749},
  title = {Probabilistic modeling of uncertainties in earthquake--induced landslide
	hazard assessment},
  year = {2002},
  author = {A. Refice and D. Capolongo},
  volume = {28},
  annote = {earthquake landslide},
  journal = {Computers and Geoscience}
}

@ARTICLE{dr_Rhoades94a,
  author = {D. A. Rhoades and R. J. Van Dissen and D. J. Dowrick},
  title = {On the handling of uncertainty in estimating the hazard of rupture
	on a fault segment},
  journal = {Journal of Geophysical Research},
  year = {1994},
  volume = {99},
  pages = {13701--13712},
  number = {B7},
  annote = {uncertainty earthquake hazard rupture}
}

@ARTICLE{dr_Riddell02a,
  author = {R. Riddell and J. E. Garcia and E. Garces},
  title = {Inelastic deformation response of {SDOF} systems subjected to earthquakes},
  journal = {Earthquake Engineering and Structural Dynamics},
  year = {2002},
  volume = {31},
  pages = {515--538},
  annote = {earthuake damage loss}
}

@TECHREPORT{dr_RiskFrontiers02a,
  author = {{Risk Frontiers}},
  title = {Probable maximum losses of earthquake risks in {A}ustralian cities:
	1. {S}ydney residential portfolio},
  institution = {Risk Frontiers},
  year = {2002},
  annote = {earthquake risk earthquake risk assessment based on MMI}
}

@ARTICLE{dr_Robinson06a,
  author = {D. Robinson and T. Dhu and J. Schneider},
  title = {{SUA}: a computer program to compute regolith {S}ite response and
	estimate {U}ncertainty for probabilistic seismic hazard analyses},
  journal = {Computers and Geoscience},
  year = {2006},
  volume = {1},
  pages = {109-123},
  owner = {u71690},
  timestamp = {2011.03.16}
}

@INPROCEEDINGS{dr_Robinson04a,
  author = {D. Robinson and T. Dhu and J. Schneider},
  title = {The effect of different attenuation models on earthquake hazard in
	the {N}ewcastle and {L}ake {M}acquarie region, {A}ustralia},
  booktitle = {ASEG 17th Geophysical Conference and Exhibition},
  year = {2004},
  address = {Sydney},
  month = {August},
  annote = {earthquake hazard earthquake risk attenuation Newcastle}
}

@INPROCEEDINGS{dr_Robinson03a,
  author = {D. Robinson and A. Mendez and G. Fulford and T. Dhu and T. Jones
	and J. Schneider},
  title = {Recent advances in the modelling of earthquake hazard in {A}ustralia:
	part 2 - estimating the hazard},
  booktitle = {Extended Abstracts of ASEG2003: Growth Through Innovation},
  year = {2003},
  organization = {Australian Society of Exploration Geophysics}
}

@ARTICLE{dr_Robinson_a,
  author = {D. J. Robinson and T. Dhu and J. Schneider},
  title = {{SUA}: a computer program to compute regolith {S}ite-response amd
	estimate {U}ncertainty for probabilistic seismic hazard {A}nalyses},
  journal = {Computers and Geoscience},
  year = {{Accepted}},
  annote = {site-amplification}
}

@TECHREPORT{dr_Roten03a,
  author = {D. Roten},
  title = {Moment tensor inversion in Australia},
  institution = {Geoscience Australia},
  year = {2003},
  annote = {inversion earthqauke mechanism moment tensor }
}

@INPROCEEDINGS{dr_Roth97a,
  author = {R. J. Roth},
  title = {Solvency and rate of return in catastrophe insurance},
  booktitle = {Fifth International Conference on Insurance, Solvency, and Finance},
  year = {1997},
  month = {18--20 July},
  annote = {PML probable maximum loss curve insurance}
}

@TECHREPORT{dr_Roy83a,
  author = {P. S. Roy},
  title = {Quaternary geology. {G}eology of the {S}ydney 1:100 000 {S}heet 9130},
  institution = {Geological Survey of NSW, Department of Mineral Resources},
  year = {1983},
  address = {Australia}
}

@INPROCEEDINGS{dr_Rundle00a,
  author = {J. B. Rundle and A. Donnellan and G. Fox and W. Klein and P. B. Rundle
	and K. F. Tiampo},
  title = {General earthquake models: {P}rogress and prospects},
  booktitle = {APEC cooperation for earthquake simulation ({ACES}): 2nd {ACES} workshop
	proceedings},
  year = {2000},
  editor = {M. Matsu'ura and K. Nakajima and P. Mora},
  pages = {147--150},
  address = {Tokyo},
  month = {15--20 October},
  publisher = {APEC Cooperation For Earthquake Simulation ({ACES})},
  annote = {earthquake mechanism}
}

@ARTICLE{dr_Sadigh97a,
  author = {K. Sadigh and C. Y. Chang and J. A. Egan and F. Makdisi and R. R.
	Youngs },
  title = {Attenuation relationships for shallow crustal earthquakes based on
	{C}alifornia strong motion data},
  journal = {Seismological Research Letters},
  year = {1997},
  volume = {68},
  pages = {180--189},
  number = {1},
  annote = {attenuation {C}alifornia}
}

@ARTICLE{dr_Sambridge95a,
  author = {M. Sambrdige and J. Braun and H. Mc{Q}ueen},
  title = {Geophysical parametrization and interpolation of irregular data using
	natural neighbours},
  journal = {Geophysical Journal International},
  year = {1995},
  volume = {122},
  pages = {837--857},
  annote = {interpolation natural neighbours}
}

@ARTICLE{dr_Sambridge03a,
  author = {M. Sambridge},
  title = {An ensemble view of {E}arth's {I}nner {C}ore},
  journal = {Science},
  year = {2003},
  volume = {299},
  pages = {529--530}
}

@ARTICLE{dr_Sambridge99a,
  author = {M. Sambridge},
  title = {Geophysical inversion with a neighbourhood algorithm - {I}. {S}earching
	a parameter space},
  journal = {Geophysical Journal International},
  year = {1999},
  volume = {138},
  pages = {479--494},
  annote = {inversion natural neighbours voronoi cell receiver functions}
}

@ARTICLE{dr_Sambridge99b,
  author = {M. Sambridge},
  title = {Geophysical inversion with a neighbourhood algorithm --{II}. {A}ppraising
	the ensemble},
  journal = {Geophysical Journal International},
  year = {1999},
  volume = {138},
  pages = {727--746},
  annote = {inversion natural neighbours voronoi cell receiver functions}
}

@ARTICLE{dr_Sambridge98a,
  author = {M. Sambridge},
  title = {Exploring multidimensional landscapes without a map},
  journal = {Inverse Problems},
  year = {1998},
  volume = {14},
  pages = {427--440},
  annote = {inversion natural neighbours voronoi cell monte carlo}
}

@ARTICLE{dr_Sambridge03a,
  author = {M. Sambridge and R. Faleti\breve{c}},
  title = {Adaptive whole {E}arth tomography},
  journal = {Geochemistry Geophysics Geosystems},
  year = {2003},
  volume = {4},
  number = {3},
  annote = {inversion tomography velocity}
}

@ARTICLE{dr_Sambridge03a,
  author = {M. Sambridge and R. Faletic},
  title = {Adaptive whole Earth tomography},
  journal = {Geochemistry Geophysics Geosystems},
  year = {2003},
  volume = {4},
  number = {3},
  note = {inversion}
}

@ARTICLE{dr_Sambridge01a,
  author = {M. S. Sambridge and B. L. N. Kennett},
  title = {Seismic event location: nonlinear inversion using a neighbourhood
	algorithm},
  journal = {Pure and Applied Geophysics},
  year = {2001},
  volume = {158},
  pages = {241--257},
  annote = {inversion natural neighbours voronoi cell seismic event location}
}

@ARTICLE{dr_Scales01a,
  author = {J. A. Scales and L. tenorio},
  title = {Prior information and uncertainty in inverse problems},
  journal = {Geophysics},
  year = {2001},
  volume = {66},
  pages = {389--397},
  number = {2},
  annote = {inversion prior a-priori}
}

@TECHREPORT{dr_Scales02a,
  author = {J. Scales and H. Ecke},
  title = {What programmming languages should we teach our undergraduates},
  year = {2002},
  type = {Internal Report},
  annote = {programming computing}
}

@TECHREPORT{dr_Schnabel72a,
  author = {P. B. Schnabel and J. Lysmer and H. B. Seed },
  title = {SHAKE: A Computer Program for Earthquake Response Analysis of Horizontally
	Layered Sites},
  institution = {Earthquake Engineering Research Centre, University of California},
  year = {1972},
  number = {UCB/EERC-72/12},
  address = { Berkeley},
  note = { }
}

@TECHREPORT{dr_Schneider00a,
  author = {J. F. Schneider and W. J. Silva},
  title = {Earthquake scenario ground motion hazard maps for the {S}an {F}rancisco
	{B}ay region},
  institution = {USGS},
  year = {2000},
  annote = {USGS grant award 98-HQ-GR-1004 earthquake hazard }
}

@TECHREPORT{dr_Seed70a,
  author = {H. B. Seed and I. M. Idriss},
  title = {Soil moduli and damping factors for dynamic response analyses},
  institution = {University of California},
  year = {1970},
  number = {EERC 70-10},
  annote = {site amplification modulus damping regolith}
}

@TECHREPORT{dr_Seed70a,
  author = {H. B. Seed and I. M. Idriss },
  title = {Soil Moduli and damping factors for dynamic response analyses},
  institution = {University of California at Berkeley: Earthquake Engineering Research
	Centre},
  year = {1970},
  number = {UCB/EERC-70/10}
}

@ARTICLE{dr_Seed69a,
  author = {H. B. Seed and I. M. Idriss},
  title = {Influence of soil conditions on ground motions during earthquakes},
  journal = {Journal of the Mechanics and Foundations Division Proceedings of
	teh {Am}erican Society of Civil Engineers},
  year = {1969},
  pages = {99--137},
  month = {January},
  annote = {site amplification modulus damping regolith}
}

@ARTICLE{dr_Seed,
  author = {H. B. Seed and R. T. Wong and I. M. Idriss and K. Tokimatsu},
  title = {Moduli and damping factors for dynamic analyses of sohensionless
	soils},
  pages = {1016--1032},
  annote = {site amplification modulus damping regolith}
}

@ARTICLE{dr_Sen91a,
  author = {M. K. Sen and P. L. Stoffa},
  title = {Nonlinear one-dimensional seismic waveform inversion using simulated
	annealing},
  journal = {Geophysics},
  year = {1991},
  volume = {56},
  pages = {1624--1638},
  number = {10},
  annote = {inversion}
}

@ARTICLE{dr_Seno183,
  author = {T. Seno and M. Yoshida},
  title = {Where and why do large shallow intraslab earthquakes occur},
  journal = {Physics of the Earth and Planetary Interiors},
  year = {2004},
  volume = {141},
  pages = {183--206},
  annote = {earthquake source intraslab}
}

@INCOLLECTION{dr_Sibson03a,
  author = {R. H. Sibson},
  title = {Geology of the crustal earthquake source},
  booktitle = {International Handbook of Earthquake and Engineering Seismology },
  publisher = {Academic Press},
  year = {2003},
  editor = {W. H. K. Lee and H. Kanamori and P. C. Jennings and C. Kisslinger},
  volume = {A},
  chapter = {29},
  pages = {455--473},
  annote = {earthquake source}
}

@TECHREPORT{dr_Silva96a,
  author = {W. Silva and N. Abrahamson and G. Toro and C. Constantino},
  title = {Description and validation of the stochastic ground motion model},
  institution = {Pacific Engineering and Analysis},
  year = {1996},
  number = {Contract No. 770573},
  month = {November},
  annote = {inversion earthquake hazard source model}
}

@ARTICLE{dr_Simons02a,
  author = {M. Simons and Y. Fialko and L. Rivera},
  title = {Coseismic deformation from the 1999 {M}_w 7.1 {H}ector {M}ine, {C}alifornia,
	{E}arthquake as inferred from {InSAR} and {GPS} observations},
  journal = {Bulletin of the Seismological Society of America},
  year = {2002},
  volume = {92},
  pages = {1390--1402},
  number = {4},
  annote = {inversion source geodetic seismic waveform}
}

@ARTICLE{dr_Sirovich02a,
  author = {L. Sirovich and F. Cavallini and F. Pettenati and M. Bobbio},
  title = {Natural neighbour isoseismals},
  journal = {Bulletin of the Seismological Society of America},
  year = {2002},
  volume = {92},
  pages = {1933--1940},
  number = {5},
  month = {June},
  annote = {natural neighbours isoseismals}
}

@UNPUBLISHED{dr_Smith02a,
  author = {W. D. Smith},
  title = {Useful ways to express earthquake hazard and risk estimates},
  annote = {earthquake hazard earthquake risk}
}

@TECHREPORT{dr_Somerville01a,
  author = {P. Somerville and N. Collins and N. Abrahamson and R. Graves and
	C. Saikia},
  title = {Ground motion attenuation relations for the {C}entral and {E}astern
	{U}nited {S}tates},
  institution = {USGS},
  year = {2001},
  number = {{A}ward {N}umber: 99HQGR0098},
  annote = {attenuation {C}entral and {E}astern {U}nited {S}tates}
}

@ARTICLE{dr_Speidel95a,
  author = {D. H. Speidel and P. H. Mattson},
  title = {Questions on the validity and untility of b-values: and example from
	the {C}entral {M}ississippi {V}alley},
  journal = {Engineering Geology},
  year = {1995},
  volume = {40},
  pages = {9--27},
  annote = {{G}utenberg and {R}ichter }
}

@TECHREPORT{dr_Standards93a,
  author = {{Standards Australia}},
  title = {Earthquake loads},
  year = {1993},
  type = {AS 1170.4--1993},
  address = {Sydney},
  annote = {earthquake risk Australian standard},
  booktitle = {Minimum design loads on structures},
  publisher = {{Standards Australia}},
  volume = {Part 4}
}

@TECHREPORT{dr_Stehle01a,
  author = {J. Stehle and T. Jones and D. Stewart and J. Schneider},
  title = {Building paramaters for earthquake vulnerability - workshop proceedings
	and further investigation},
  institution = {Geoscience Australia},
  year = {2001},
  annote = {Australian earthquake engineering capacity spectrum parameters engineering
	paramaters}
}

@INPROCEEDINGS{dr_Stephen99a,
  author = {H. Stephen and J. Adams},
  title = {Crossing the border: assessing the differences between {C}anadian
	and {A}merican seismic hazard maps},
  booktitle = {8th {C}anadian Conference of Earthquake Engineering},
  year = {1999},
  pages = {77--82},
  organization = {Canada North America Earthquake hazard map}
}

@ARTICLE{dr_Stirling02a,
  author = {M. W. Stirling and G. H. Mc{V}erry and K. R. Berrryman},
  title = {A new seismic hazard model for {N}ew {Z}ealand},
  journal = {Bulletin of the Seismological Society of America},
  year = {2002},
  volume = {92},
  pages = {1878--1903},
  number = {5},
  month = {June},
  annote = {hazard {N}ew {Z}ealand deaggregation disaggregation}
}

@ARTICLE{dr_Stirling98a,
  author = {M. W. Stirling and S. G. Wesnousky},
  title = {Probabilistic seismic hazard analysis of {N}ew {Z}ealand},
  journal = {New Zealand Journal of Geology and Geophysics},
  year = {1998},
  volume = {41},
  pages = {355--375},
  annote = {hazard {N}ew {Z}ealand deaggregation disaggregation}
}

@ARTICLE{dr_Stoffa91a,
  author = {P. L. Stoffa and M. K. Sen},
  title = {Nonlinear multiparameter optimization using genetic algorithms: Inversion
	of plane-wave seismograms},
  journal = {Geophysics},
  year = {561991},
  pages = {1794--1810},
  number = {11},
  annote = {inversion}
}

@ARTICLE{dr_Swift81a,
  author = {D. J. P. Swift and M. E. Field},
  title = {Evolution of a classic sand ridge field: {M}aryland sector, {N}orth
	{A}merican inner shelf},
  journal = {Sedimentology},
  year = {1981},
  volume = {28},
  pages = {461--482},
  annote = {whoi}
}

@ARTICLE{dr_Toro97a,
  author = {G. R. Toro and N. A. Abrahamson and J. F. Schneider},
  title = {Model of strong ground motions from earthquakes in {C}entral and
	{E}astern {N}orth {A}merica: {B}est estimates and uncertainties},
  journal = {Seismological Research Letters},
  year = {1997},
  volume = {68},
  pages = {41--57},
  number = {1},
  annote = {attenuation {C}entral and {E}astern {N}orth {A}merica}
}

@TECHREPORT{dr_Toro01a,
  author = {G. R. Toro and W. J. Silva},
  title = {Scenario earthquakes for {S}aint {L}ouis, {MO} and {M}emphis, {TN},
	and seismic hazard maps for the central {U}nited {S}tates region
	including the effect of site conditions},
  institution = {{USGS}},
  year = {2001},
  number = {1434-HQ-97-GR-02981},
  month = {January},
  annote = {earthquake hazard}
}

@ARTICLE{dr_Trowbridge,
  author = {J. H. Trowbridge},
  title = {A mechanism for the formulation and maintenance of shore--oblique
	sand ridges on storm--dominated shelves},
  journal = {Journal of Geophysical Research},
  year = {1995},
  volume = {100},
  pages = {16071--16086},
  number = {C8},
  annote = {whoi}
}

@INPROCEEDINGS{dr_Turcotte99a,
  author = {D. L. Turcotte},
  title = {The physics of earthquakes: {I}s it a statistical problem?},
  booktitle = {APEC cooperation for earthquake simulation ({ACES}): 1st {ACES} workshop
	proceedings},
  year = {1999},
  editor = {P. Mora},
  pages = {163--165},
  address = {Tokyo},
  month = {31 January -- 5 February},
  publisher = {APEC Cooperation For Earthquake Simulation ({ACES})},
  annote = {earthquake simulation earthquake hazard earthqauke statistics }
}

@TECHREPORT{dr_UBC98a,
  author = {{UBC - Geophysical Inversion Facility}},
  title = {{MAG3D:} A program library for forward modelling and inversion of
	magnetic data over 3D structures - Version 3.0},
  institution = {Joint/Cooperative Inversion of Geophysical and Geological Data},
  year = {1998},
  address = {Vancouver},
  annote = {inversion potential field}
}

@ARTICLE{dr_VanDissen97a,
  author = {R. Van-Dissen and K. McCue and G. Gibson and V. Jensen and M. Sommerville
	and B. Boreham and B. McKavanagh and A. Goede},
  title = {The {L}ake {E}dgar {F}ault: evidence for repeated {Q}uarternary displacement
	on an active fault in {S}othwestern {T}asmania},
  year = {1997},
  pages = {Paper 5},
  organization = {Australian Earthqauke Engineering Society}
}

@ARTICLE{dr_Vincenty75a,
  author = {T. Vincenty},
  title = {Direct and inverse solutions of geodesics on the ellipsoid with application
	of nested equations},
  journal = {Survey Review},
  year = {1975},
  volume = {XXII},
  pages = {88--93},
  number = {176},
  annote = {geodesy ellipsoid distance}
}

@TECHREPORT{dr_Silva88a,
  author = { W. Silva; T. Turcotte, and Y. Moriwaki},
  title = {Soil Response to Earthquake Ground Motion},
  institution = { California: Electric Power Research Institute ({EPRI})},
  year = {1988},
  number = {EPRI NP-5747}
}

@UNPUBLISHED{dr_Wang02a,
  author = {S. Wang and H. Hao},
  title = {Effects of random variations of soil properties on site amplification
	of seismic ground motions},
  year = {2002},
  annote = {site amplification}
}

@ARTICLE{dr_Weichert80a,
  author = {D. H. Weichert},
  title = {Estimation of the earthquake recurrence parameters for unequal observation
	periods for different magnitudes},
  journal = {Bulletin of the Seismological Society of America},
  year = {1980},
  volume = {70},
  pages = {1337--1346},
  number = {4},
  annote = {recurrence relationship {G}utenberg and {R}ichter }
}

@ARTICLE{dr_Weichert79a,
  author = {D. H. Weichert and W. G. Milne},
  title = {On {C}anadian methodologies of probabilistic seismic risk estimation},
  journal = {Bulletin of the Seismological Society of America},
  year = {1979},
  volume = {69},
  pages = {1549--1566},
  number = {5},
  annote = {earthquake risk hazard}
}


@TECHREPORT{dr_Whitley,
  author = {D. Whitley},
  title = {A genetic algorithm tutorial},
  institution = {Computer Science Department},
  address = {Colorado State University},
  annote = {inversion genetic algorithm}
}

@ARTICLE{dr_Wiljk02a,
  author = {K. v. Wijk and J. A. Scales and W. Navidi and L. Tenorio},
  title = {Data and model uncertainty estimation for linear inversion},
  journal = {Geophysical Journal International},
  year = {2002},
  volume = {149},
  pages = {625--632},
  annote = {inversion uncertainty linear inversion}
}

@TECHREPORT{dr_Williams01a,
  author = {N. Williams},
  title = {Classifying the {S}eismic {R}egions of {A}ustralia},
  institution = {Geoscience Australia},
  year = {2001},
  type = {Graduate Rotation Report},
  annote = {seisimicity Australian earthquakes}
}

@INPROCEEDINGS{dr_Williams01b,
  author = {N. Williams and M. Leonard},
  title = {Classifying the {S}eismic {R}egions of {A}ustralia},
  booktitle = {Earthquake codes in the real {W}orld},
  year = {2001},
  editor = {K. Mc{C}ue and C. Bubb and D. Finlayson and G. Horoschun and B. Butler},
  pages = {26.1--26.6},
  organization = {Australian Earthquake Engineering Society},
  publisher = {Australian Earthquake Engineering Society},
  annote = {seismicity Australian earthquakes}
}

@INPROCEEDINGS{dr_Windeler04a,
  author = {D. Windeler and G. Morrow and C. R. Williams and M. Rahnama G. Molas
	and A. Pena and J. Bryngelson},
  title = {Earthquake risk estimates for residential construction in the {W}estern
	{U}nited {S}tates},
  booktitle = {13th World Conference on Earthquake Engineering},
  year = {2004},
  pages = {Paper Number 1072},
  address = {Vancouver},
  month = {1--6 August},
  annote = {America building damage earthquake risk residential construction}
}

@INBOOK{dr_Winter98a,
  pages = {365--372},
  title = {Application of the finite element method to an elastic solid},
  publisher = {Quensland University Advanced Centre For Earthquake Studies},
  year = {1998},
  author = {M. Winter},
  series = {{QUAKES} Report 3},
  annote = {elastic solid finite element}
}

@INPROCEEDINGS{dr_Jaume99a,
  author = {M. Winter and S. Jaume and R. Cuthbertson},
  title = {Stress transfer, dynamic triggering, and stress correlations: {H}ow
	earthqauke occurence affects the timing and slip of subsequent earthquakes},
  booktitle = {APEC cooperation for earthquake simulation ({ACES}): 1st {ACES} workshop
	proceedings},
  year = {1999},
  editor = {P. Mora},
  pages = {273--279},
  address = {Tokyo},
  month = {31 January -- 5 February},
  publisher = {APEC Cooperation For Earthquake Simulation ({ACES})},
  annote = {earthqaukes stress strain}
}

@INPROCEEDINGS{dr_Winter99a,
  author = {M. Winter and S. Jaume and R. Cuthbertson},
  title = {Determination of site-response and attenuation {B}risbane, {A}ustralia},
  booktitle = {APEC cooperation for earthquake simulation ({ACES}): 1st {ACES} workshop
	proceedings},
  year = {1999},
  editor = {P. Mora},
  pages = {521--527},
  address = {Tokyo},
  month = {31 January -- 5 February},
  publisher = {APEC Cooperation For Earthquake Simulation ({ACES})},
  annote = {earthquake hazard attenuation amplification }
}

@ARTICLE{dr_Wise03a,
  author = {D. J. Wise and J. Cassidy and C. A. Locke},
  title = {Geophysical imaging of the {Q}uarternary {W}airoa {N}orth {F}ault,
	{N}ew {Z}ealand: a case study},
  journal = {Journal of Applied Geophysics},
  year = {2003},
  volume = {53},
  pages = {1--16},
  annote = {gravity fault earthquake source inversion}
}

@ARTICLE{dr_Wise03a,
  author = {D. J. Wise and J. Cassidy and C. A. Locke},
  title = {Geophysical imaging of the {Q}uarternary {W}airoa {N}orth {F}ault,
	{N}ew {Z}ealand: a case study},
  journal = {Journal of Applied Geophysics},
  year = {2003},
  volume = {53},
  pages = {1--16},
  annote = {fault imaging potential field}
}

@ARTICLE{dr_Witten02a,
  author = {A. Witten},
  title = {Geophysica: {MATLAB}--based software for the simulation, display
	and processing of near--surface geophysical data},
  journal = {Computers and Geoscience},
  year = {2002},
  volume = {28},
  pages = {751--762},
  annote = {geophysics data processing}
}

@ARTICLE{dr_Wong88a,
  author = {P. Wong},
  title = {The statistical physics of sedimentary rock},
  journal = {Physics Today},
  year = {1988},
  month = {December},
  annote = {whoi}
}

@ARTICLE{dr_Wong84a,
  author = {P. Wong and J. Koplik and J. P. Tomanic},
  title = {Conductivity and permeability of rocks},
  journal = {Physical Review B},
  year = {1984},
  volume = {30},
  pages = {6606--6614},
  number = {1},
  annote = {porosity conductivity whoi}
}

@INPROCEEDINGS{dr_Yeh00a,
  author = {C. H. Yeh and W. Y. Jean and C. H. Loh},
  title = {Building damage assessment for earthquake loss estimation in {T}aiwan},
  booktitle = {12th World Conference on Earthquake Engineering [Proceedings] },
  year = {2000},
  annote = {building damage earthquake risk demand capacity method}
}

@ARTICLE{dr_Yenihayat,
  author = {Z. Yenihayat},
  title = {Damped least-squares inversion of confined aquifer pumping data based
	on singular value decomposition},
  journal = {Mathematical Geology},
  year = {1996},
  volume = {28},
  pages = {203--228},
  number = {2},
  annote = {inversion}
}

@ARTICLE{dr_Young02a,
  author = {T. K. Young and D. Atkins},
  title = {Avalanche forecasting},
  journal = {The Leading Edge},
  year = {2002},
  pages = {690--694},
  month = {July},
  annote = {Avalanche}
}

@ARTICLE{dr_Youngs85a,
  author = {R. R. Youngs and K. J. Coppersmith},
  title = {Implications of fault slip rates and earthquake recurrence models
	to probabilistic seismic hazard estimates},
  journal = {Bulletin of the Seismological Society of America},
  year = {1985},
  volume = {75},
  pages = {939--964},
  number = {4},
  annote = {earthquake hazard probabilistic fault slip}
}

@TECHREPORT{dr_Impact99a,
  author = {M. Zeghal and Y. Li and A. Mendes and J. Schneider},
  title = {Chapter 3: earthquake hazard},
  institution = {Impact Forecasting},
  year = {1999},
  number = {Release 2},
  annote = {earthquake hazard probabilistic}
}

@INPROCEEDINGS{dr_Zhandanov02a,
  author = {M. S. Zhandanov and R. G. Ellis and S. Mukherjee and D. Pavlov},
  title = {Regularised focussing inversion of 3--{D} garvity tensity data},
  booktitle = {SEG International Exposition and 72nd Annual Meeting},
  year = {2002},
  address = {Salt lake City, Utah},
  month = {6--11 October},
  annote = {inversion gravity}
}

@BOOK{dr_Zhdanov02a,
  title = {Geophysical inverse theory and regularization problems},
  publisher = {Elsevier},
  year = {2002},
  author = {M. S. Zhdanov},
  address = {Amsterdam}
}

@INPROCEEDINGS{dr_Zhdanov,
  author = {M. S. Zhdanov and K. Yoshioka},
  title = {Cross-well electromagnetic imaging in three dimensions},
  booktitle = {{ASEG} 16th {G}eophysical {C}onference and {E}xhibition: {E}xtended
	{A}bstracts},
  year = {2003},
  address = {Adelaide},
  month = {February},
  publisher = {{ASEG}},
  annote = {inversion}
}

@ARTICLE{dr_Zonno02a,
  author = {G. Zonno and V. Montaldo},
  title = {Analysis of strong ground motions to evaluate regional attenuation
	relationships},
  journal = {Annals of Geophysics},
  year = {2002},
  volume = {45},
  pages = {439--453},
  number = {3/4},
  month = {June--August},
  annote = {attenuation response spectral acceleration}
}


@INBOOK{dr_Sinadinovski05a,
    Annote         = {earthquake risk},
    Author         = {C. Sinadinovski and M. Edwards and N. Corby and M. Milne and K. Dale and T. Dhu and A. Jones and A. McPherson and T. Jones and D. Gray and D. Robinson and J. White},
    Pages          = {143--208},
    Publisher      = {Geoscience Australia},
    Series         = {Natural hazard risk in {P}erth, {W}estern {A}ustralia - {C}omprehensive report, GeoCat No. 63527},
    Title          = {Earthquake Risk},
    Year           = {2005}
}
