@STRING{am = "American Naturalist"}

@STRING{bull = "Bulletin of the New Zealand Society for Earthquake Engineering"}

@STRING{bull = "Bulletin of the Seismolgical Society of America"}

@STRING{comp = "Computers and Geosciences"}

@STRING{ecol = "Ecological Modelling"}

@STRING{elec = "Electronic Journal of Structural Engineering"}

@STRING{eng = "Engineering Geology"}

@STRING{eq = "Earthquake Engineering and Structural Dynamics"}

@STRING{eq = "Earthquake Spectra"}

@STRING{geophys = "Geophysical Journal"}

@STRING{j = "Journal of Earthquake Engineering"}

@STRING{j = "Journal of Geophysical Research"}

@STRING{j = "Journal of Structural Engineering"}

@STRING{nz = "New Zealand Journal of Geology and Geophysics"}

@STRING{pure = "Pure and Applied Geophysics"}

@STRING{risk = "Risk Analysis"}

@STRING{seis = "Seismological Research Letters"}

@ARTICLE{Adeli95,
    Author         = {H. Adeli and S. Kumer},
    Journal        = {121},
    Pages          = {1448--1455},
    Title          = {Distributed Finite-Element Analysis on Network of Workstations ---
                      Algorithms},
    Year           = {1995}
}

@INPROCEEDINGS{Annaka00,
    Author         = {T. Annaka and H. Yashiro},
    Booktitle      = {Risk Analys {II}},
    Editor         = {C. A. Brebbia},
    Pages          = {369--378},
    Publisher      = {WIT Press},
    Title          = {Uncertainties in a Probabilistic Model for Seismic Hazard Analysis
                      in {J}apan},
    Year           = {2000}
}

@INPROCEEDINGS{Arafah00,
    Author         = {A. M. Arafah},
    Booktitle      = {Risk Analasis {II}},
    Editor         = {C. A. Brebbia},
    Pages          = {379--387},
    Publisher      = {WIT Press},
    Title          = {Factors Affecting the Reliability of Reinforced Concrete Beams},
    Year           = {2000}
}

@ARTICLE{Bender84,
    Author         = {B. Bender},
    Journal        = {74},
    Pages          = {1451--1462},
    Title          = {Incorporating Acceleration Variability Into Seismic Hazard Analysis},
    Year           = {1984}
}

@ARTICLE{Brune70,
    Author         = {J. N. Brune},
    Journal        = {75},
    Pages          = {4997--5009},
    Title          = {Techtonic Stress and the Spectra of Seismic Shear Waves from
                      Earthquakes},
    Year           = {1970}
}

@TECHREPORT{Budnitz97,
    Author         = {R. J. Budnitz and G. Apostolakis and D. M. Boore and L. S Cluff
                      and K. J. Coppersmith and C. A. Cornell and P. A. Morris},
    Institution    = {Lawence Livermore National Laboratory},
    Number         = {NUREG/CR-6372 UCRL-ID-122160 Vol. 1.},
    Title          = {Recommendations for Probabilistic Seismic Hazard Analysis: Guidence
                      on Uncertainty and Use of Experts.},
    Type           = {Technical Report.},
    Year           = {1997}
}

@ARTICLE{Cao99,
    Author         = {T. Cao and M. D. Petersen and C. H. Cramer and T/ R. Toppozada and
                      M. S. Reichle and J. F. Davis},
    Journal        = {89},
    Pages          = {867--876},
    Title          = {The Calculation of Expected Loss Using Probabilistic Seismic Hazard},
    Year           = {1999}
}

@ARTICLE{Chandler01,
    Author         = {A. M. Chandler},
    Journal        = {1},
    Pages          = {60--73},
    Title          = {Response Spectrum Modelling for Regions Lacking Earthquake Records},
    Year           = {2001}
}

@ARTICLE{Chopra99,
    Author         = {A. Chopra and R. Goel},
    Journal        = {15},
    Pages          = {637--656},
    Title          = {Capacity-Demand-Diagram Methods Based on Inelastic Design Spectrum},
    Year           = {1999}
}

@BOOK{Chopra01,
    Address        = {Upper Sadle River, NJ},
    Author         = {A. K. Chopra},
    Edition        = {2nd},
    Publisher      = {Prentice-Hall},
    Title          = {Dynamics of Structures.},
    Year           = {2001}
}

@ARTICLE{Christopoulos02,
    Author         = {C. Christopoulos and A. Filiatrault and B. Folz},
    Journal        = {31},
    Pages          = {1131--1150},
    Title          = {Seismic Response of Self-Centring Hysteretic {SDOF} Systems},
    Year           = {2002}
}

@ARTICLE{Comartin00,
    Author         = {C. D. Comartin and R.W. Niewiarowski and S. A. Freeman and F. M.
                      Turner},
    Journal        = {16},
    Pages          = {241--261},
    Title          = {Seismic Evaluation and Retrofit of Concrete Buildings: A Practical
                      Overview of the {ATC} 40 Document},
    Year           = {2000}
}

@ARTICLE{Cornell68,
    Author         = {C. A. Cornell},
    Journal        = {58},
    Pages          = {1583--1606},
    Title          = {Engineering Seismic Risk Analysis},
    Year           = {1968}
}

@TECHREPORT{ATC40,
    Author         = {Applied Technology Council},
    Institution    = {Applied Technology Council},
    Number         = {SSC 96-01},
    Title          = {{ATC}-40 --- Seismic Evaluation and Retrofit of Concrete Buildings},
    Year           = {1996}
}

@ARTICLE{Cramer96,
    Author         = {C. H. Cramer and M. D. Petersen and M. S. Reichle},
    Journal        = {86},
    Pages          = {1681--1691},
    Title          = {A {M}onte {C}arlo Appraoch in Estimating Uncertainty for Seismic
                      Hazard Assessment of {L}os {A}ngeles, {V}entura, and {O}range
                      {C}ounties, {C}alifornia},
    Year           = {1996}
}

@ARTICLE{Cramer96b,
    Author         = {C. H. Cramer and M. D. Petersen and M. S. Reichle},
    Journal        = {86},
    Pages          = {1681--1691},
    Title          = {A {M}onte {C}arlo Approach in Estimating Uncertainty for a Seismic
                      Hazard Assessment of {L}os {A}ngeles, {V}entura, and {O}range
                      {C}ounties, {C}alifornia},
    Year           = {1996}
}

@TECHREPORT{Dhu02,
    Author         = {T. Dhu and T. Jones},
    Institution    = {Geoscience Australia},
    Title          = {Earthquake Risk in Newcastle and Lake Macquarie},
    Year           = {2002}
}

@ARTICLE{Ebel99,
    Author         = {J. E. Ebel and A. L. Kafka},
    Journal        = {89},
    Pages          = {854--866},
    Title          = {A {M}onte {C}arlo Approach to Seismic Hazard Analysis},
    Year           = {1999}
}

@TECHREPORT{Edwards02,
    Author         = {M. R. Edwards and J. L. Wilson and N. T. K. Lam},
    Institution    = {University of Melbourne},
    Number         = {MEI Ref: 2002-042},
    Title          = {Review of {G}eoscience {A}ustralia's Seismic Risk Assessment Model},
    Year           = {2002}
}

@MANUAL{Hazus99,
    Address        = {National Institute of Building Science},
    Author         = {{FEMA}},
    Organization   = {Federal Emergency Management Agency},
    Title          = {{HAZUS} Technical Manual},
    Year           = {1999}
}

@ARTICLE{Franchin02,
    Author         = {P. Franchin and A. Lupoi and P. E. PINTO},
    Journal        = {1},
    Pages          = {1--22},
    Title          = {Difficulties in Probabilistic Determination of Seismic Risk},
    Year           = {2002}
}

@ARTICLE{Frankel00,
    Author         = {A. D. Frankel},
    Journal        = {16},
    Pages          = {1--19},
    Title          = {{USGS} National Siesmic Hazard Maps},
    Year           = {2000}
}

@INPROCEEDINGS{Freeman98,
    Author         = {S. A. Freeman},
    Booktitle      = {Proc. 11th European {C}onference on Earthquake Engineering},
    Title          = {The Capacity Spectrum Method as a Tool for Seismic Design},
    Year           = {1998}
}

@ARTICLE{Friedrich02,
    Author         = {J. Friedrich},
    Journal        = {28},
    Pages          = {679--692},
    Title          = {A Linear Analytical Boundary Element Method ({BEM}) for {2D}
                      Homogeneous Potential Problems},
    Year           = {2002}
}

@ARTICLE{Gaull90,
    Author         = {B. A. Gaull and M. O. Micheal-Leiba and J. M. W. Rynn},
    Journal        = {Australian Journal of Earth Sciences},
    Pages          = {169--187},
    Title          = {Probabilistic Earthquake Risk in Australia},
    Volume         = {37},
    Year           = {1990}
}

@ARTICLE{Grimm99,
    Author         = {V. Grimm},
    Journal        = {115},
    Pages          = {129--148},
    Title          = {Ten Years of Individual-Based Modelling in Ecology: What Have We
                      Learned and What Could We Learn in the Future?},
    Year           = {1999}
}

@ARTICLE{Hoffman94,
    Author         = {F. O. Hoffman and J. S. Hammonds},
    Journal        = {14},
    Pages          = {707--712},
    Title          = {Propagation of Uncertainty in Risk Assessments: The Need to
                      Distinguish Between Uncertainty Due to Lack of Knowledge and
                      Uncertainty Due to Variability},
    Year           = {1994}
}

@ARTICLE{Johnston96,
    Author         = {A. C. Johnston},
    Journal        = {124},
    Pages          = {381--414},
    Title          = {Seismic Moment Assessment of Earthquakes in Stable Continental
                      Regions---I. Instumental Seismicity},
    Year           = {1996}
}

@INPROCEEDINGS{Kadakal00,
    Author         = {U. Kadakal and N. G. Kishi and S. J. Byeon},
    Booktitle      = {Risk Analysis {II}},
    Editor         = {C. A. Brebbia},
    Pages          = {83--92},
    Publisher      = {WIT Press},
    Title          = {An Objective Methodology for the Assessment of Building
                      Vulnerability to Earthquakes and the Development of Damage Functions},
    Year           = {2000}
}

@ARTICLE{Kagan97,
    Author         = {Y. Y. Kagan},
    Journal        = {Tectonophysics},
    Pages          = {207--219},
    Title          = {Statistical Aspects of Parkfield Earthquake Sequence and Parkfield
                      Prediction Experiment},
    Volume         = {270},
    Year           = {1997}
}

@ARTICLE{Kaplan81,
    Author         = {S. Kaplan and B. J. Garrick},
    Journal        = {1},
    Pages          = {11-27},
    Title          = {On the Quantitative Definition of Risk},
    Year           = {1981}
}

@ARTICLE{Kaplan81b,
    Author         = {S. Kaplan},
    Journal        = {1},
    Pages          = {189--196},
    Title          = {On the Method of Discrete Probability Distriubutions in Risk and
                      Reliability Calculation---Application to Seismic Risk Assessment},
    Year           = {1981}
}

@ARTICLE{Kayabali02,
    Author         = {K. Kayabali},
    Journal        = {63},
    Pages          = {221--232},
    Title          = {Modeling of Seismic Hazard for Turkey Using the Recent Neotechtonic
                      Data},
    Year           = {2002}
}

@ARTICLE{Kennedy80,
    Author         = {R. P. Kennedy and C. A. Cornell and R. D. Campbell and S. Kaplan
                      and H. F. Perla},
    Journal        = {Nuclear Engineering and Design},
    Pages          = {315--338},
    Title          = {Probabilistic Seismic Saftey Study of an Existing Nuclear Power
                      Plant},
    Volume         = {59},
    Year           = {1980}
}

@ARTICLE{Kircher97,
    Author         = {C. A. Kircher},
    Journal        = {13},
    Pages          = {663--682},
    Title          = {Development of Building Damage Functions for Earthquake Loss
                      Estimation},
    Year           = {1997}
}

@ARTICLE{Kircher97b,
    Author         = {C. A. Kircher and R. V. Whitman and C. Arnold},
    Journal        = {13},
    Pages          = {703--720},
    Title          = {Estimation of Earthquake Losses to Buildings},
    Year           = {1997}
}

@BOOK{Kramer96,
    Address        = {Upper Saddle River, New Jersey},
    Author         = {S. L. Kramer},
    Publisher      = {Prentice-Hall},
    Title          = {Geotechnical Earthquake Engineering},
    Year           = {1996}
}

@ARTICLE{Krinitsky02,
    Author         = {E. L. Krinitsky},
    Journal        = {66},
    Pages          = {157--159},
    Title          = {Epistemic and Aleatory Uncertainty: A New Shtick for Probabilistic
                      Seismic Hazard Analysis},
    Year           = {2002}
}

@ARTICLE{Krinitzsky95,
    Author         = {E. L. Krinitzsky},
    Journal        = {40},
    Pages          = {1--7},
    Title          = {Deterministic Verses Probabilistic Seismic Hazard Analysis for
                      Critical Structures},
    Year           = {1995}
}

@ARTICLE{Lam00,
    Author         = {N. Lam and J. Wilson and G. Hutchinson},
    Journal        = {4},
    Pages          = {321--354},
    Title          = {Generation of Synthetic Earthquake Accelerograms Using
                      Seismological Modelling: A Review},
    Year           = {2000}
}

@ARTICLE{Matcharashvili02,
    Author         = {T. Matcharashvili and T. Chelidze and Z. Javakhishvili and E.
                      Ghlonti},
    Journal        = {28},
    Pages          = {693--700},
    Title          = {Detecting Differences in Temporal Distribution of Small Earthquakes
                      Before and After Large Events},
    Year           = {2002}
}

@INPROCEEDINGS{Mccue93,
    Author         = {K. {M}c{C}ue},
    Booktitle      = {Australian Earthquake Engineering Society Conference},
    Pages          = {9--14},
    Title          = {Seismicity and Earthquake Hazard in {A}ustralia},
    Year           = {1993}
}

@ARTICLE{Mcguire77,
    Author         = {R. K. Mc{G}uire},
    Journal        = {67},
    Pages          = {827--848},
    Title          = {Effects of Uncertainty in Seismicity on Estimates of Seismic Hazard
                      for the East Coast of the {U}nited {S}tates},
    Year           = {1977}
}

@UNPUBLISHED{Mcguire02,
    Author         = {R. K. McGuire},
    Title          = {Computations of Seismic Hazard},
    Year           = {2002}
}

@TECHREPORT{Melchers90,
    Address        = {Barton, ACT, Australia},
    Author         = {R. E. Melchers},
    Institution    = {The Institute of Engineers},
    Title          = {Newcastle Earthquake Study},
    Year           = {1990}
}

@ARTICLE{Miranda02,
    Author         = {E. Miranda and J. Ruiz-Garcia},
    Journal        = {Earthquake Engng Struct. Dyn.},
    Pages          = {539--560},
    Title          = {Evaluation of Approximate Methods to Estimate Maximum Inelastic
                      Displacement Demands},
    Volume         = {31},
    Year           = {2002}
}

@ARTICLE{Musson99,
    Author         = {R. M.. Musson},
    Journal        = {3},
    Pages          = {463--474},
    Title          = {Determination of Design Earthquakes in Seismic Hazard Analysis
                      Through {M}onte {C}arlo Simulation},
    Year           = {1999}
}

@BOOK{Newmark82,
    Address        = {Oakland, California},
    Author         = {N. M. Newmark and W. J. Hall},
    Note           = {pp. 103},
    Publisher      = {Earthquake Engineering Research Institute Monagraph},
    Title          = {Earthquake Spectra and Design.},
    Year           = {1982}
}

@ARTICLE{Ramirez02b,
    Author         = {O. Ramirez and M. C. Constantinou and J. D. Gomez and A. S.
                      Whittaker and C. Z. Chrusostomou},
    Journal        = {18},
    Pages          = {501--530},
    Title          = {Evaluation of Simplified Methods of Analysis of Yielding Structures
                      with Damping Systems},
    Year           = {2002}
}

@ARTICLE{Ramirez02,
    Author         = {O. M. Ramirez and M. C. Constantinou and A. S. Whittaker and C. A.
                      Kircher and C. Z. Chrysostomou},
    Journal        = {18},
    Pages          = {531--547},
    Title          = {Elastic and Inelastic Seismic Response of Buildings with Damping
                      Systems},
    Year           = {2002}
}

@BOOK{Reiter90,
    Address        = {N.Y.},
    Author         = {L. Reiter},
    Publisher      = {Columbia University Press},
    Title          = {Earthquake Hazard Analysis},
    Year           = {1990}
}

@ARTICLE{Rhoades94,
    Author         = {D. A. Rhoades and R. J. Van Dissen and D. J. Dowrick},
    Journal        = {99},
    Pages          = {13:701--712},
    Title          = {On the Handling of Uncertainties in Estimating the Hazard of
                      Rupture on a Fault Segment},
    Year           = {1994}
}

@ARTICLE{Riddell02,
    Author         = {R. Riddell and J. E. Garcia and E. Garces},
    Journal        = {Earthquake Engng Struct Dyn.},
    Pages          = {515--538},
    Title          = {Inelastic Deformation Response of {SDOF} Systems Subjected to
                      Earthquakes},
    Volume         = {31},
    Year           = {2002}
}

@ARTICLE{Rundle93,
    Author         = {J. B. Rundle},
    Journal        = {Journal of Geophysical Research},
    Pages          = {21,943--21,949},
    Title          = {Mafnitude-Frequency Relations for Earthquakes Using a Statistical
                      Mechanical Approach},
    Volume         = {98},
    Year           = {1993}
}

@BOOK{Schenk96,
    Address        = {The Netherlands},
    Editor         = {V. Schenk},
    Publisher      = {Kluwer},
    Title          = {Earthquake Hazard and Risk},
    Year           = {1996}
}

@TECHREPORT{Hazus,
    Address        = {Washington, D.C.},
    Author         = {National Institute of Building Sciences},
    Institution    = {Federal Emergency Management Agency},
    Title          = {{HAZUS} Technical Manual},
    Year           = {1999}
}

@ARTICLE{Shama02,
    Author         = {A. Shama and J. B. Mander and S. S. Chen},
    Journal        = {18},
    Pages          = {143--160},
    Title          = {Seismic Investigation of Steel Pile Bents: {II}. Retrofit and
                      Vulnerability Analysis},
    Year           = {2002}
}

@ARTICLE{Shapiro83,
    Author         = {L. J. Shapiro},
    Journal        = {Journal of Atmospheric Sciences},
    Pages          = {1984--1998},
    Title          = {{The} Asymmetric Boundary Layer Flow Under a Translating Hurricane},
    Volume         = {40},
    Year           = {1983}
}

@INPROCEEDINGS{Shepard95,
    Author         = {R. B. Shepard and E. G. C. Smith and D. D. Spurr},
    Booktitle      = {Pacific Conference on Earthquake Engineering},
    Pages          = {343--353},
    Title          = {Earthquake Insurance Loss Assessments for Regions of {A}ustralia},
    Year           = {1995}
}

@ARTICLE{Shinozuka97,
    Author         = {M. Shinozuka and S. E. Chang and R. T. Eguchi and D. P. Abrams and
                      H. H. M. Hwang and A. Rose},
    Journal        = {13},
    Pages          = {739--757},
    Title          = {Advances in Earthquake Loss Estimation and Application to
                      {M}emphis, {T}ennessee},
    Year           = {1997}
}

@ARTICLE{Smith02,
    Author         = {W. D. Smith},
    Journal        = {35},
    Pages          = {96--107},
    Title          = {A Model for {MM} Intensities Near Large Earthquakes},
    Year           = {2002}
}

@TECHREPORT{Stehle01,
    Author         = {J. Stehle and T. Jones and D. Syewart and J. Schneider},
    Institution    = {Geoscience Australia},
    Title          = {Building Parameters for Earthquake Vulnerability --- Workshop
                      Proceedings and Further Investigation.},
    Year           = {2001}
}

@ARTICLE{Stirling98,
    Author         = {M. W. Stirling and S. G. Wesnousky and K. R. Berryman},
    Journal        = {41},
    Pages          = {355-375},
    Title          = {Probabilistic Seismic Hazard Analysis of New Zealand},
    Year           = {1998}
}

@ARTICLE{Thompson96,
    Author         = {E. F. Thompson and V. J. Cardone},
    Journal        = {Journal of Waterway, Port, Coastal and Ocean Engineering},
    Pages          = {195--205},
    Title          = {Practical Modeling of Hurricane Surface Wind Fields},
    Volume         = {??},
    Year           = {1996}
}

@ARTICLE{Toro97,
    Author         = {G. R. Toro and N. A. Abrahamson and J. F. Schneider},
    Journal        = {68},
    Pages          = {41--57},
    Title          = {Model of Strong Ground Motions from Earthquakes in {C}entral and
                      {E}astern {N}orth {A}merica: Best Estimates and Uncertainties.},
    Year           = {1997}
}

@ARTICLE{Tsai02,
    Author         = {H. Tsai},
    Journal        = {63},
    Pages          = {157--168},
    Title          = {Estimates of Earthquake Recurrences in the {C}hiayi-{T}ainan Area,
                      {T}aiwan},
    Year           = {2002}
}

@ARTICLE{Tsai01,
    Author         = {Y-B. Tsai and T-M. Yu and H-L. Chao and C-P. Lee},
    Journal        = {91},
    Pages          = {1298--1309},
    Title          = {Spatial Distribution and Age Dependence of Human-Fatility Rates
                      from the {C}hi-{C}hi, {T}aiwan Earthquake of 21 {S}eptember 1999.},
    Year           = {2001}
}

@ARTICLE{Utsu99,
    Author         = {T. Utsu},
    Journal        = {155},
    Pages          = {509--535},
    Title          = {Representation and Analysis of the Earthquake Size Distribution: A
                      Historical Review and some New Approaches},
    Year           = {1999}
}

@ARTICLE{Vickery95,
    Author         = {P. J. Vickery and L. A. Twisdale},
    Journal        = {Journal of Structural Engineering},
    Pages          = {1700--1709},
    Title          = {Wind-Field and Filling Models for Hurricane Wind-Speed Predictions},
    Volume         = {121},
    Year           = {1995}
}

@ARTICLE{Vickery95b,
    Author         = {P. J. Vickery and L. Twisdale},
    Journal        = {Journal of Structural Engineering},
    Pages          = {1690--1699},
    Title          = {Prediction of Hurricane Wind Speeds in the United States},
    Volume         = {121},
    Year           = {1995}
}

@ARTICLE{Wald99,
    Author         = {D. J. Wald and V. Quitoriano and T. H. Heaton and H. Kanamori},
    Journal        = {15},
    Pages          = {557--564},
    Title          = {Relationships Between Peak Ground Acceleration, Peak Ground
                      Velocity, and {M}odified {M}ercalli {I}ntensity in {C}alifornia},
    Year           = {1999}
}

@INPROCEEDINGS{Walker95,
    Author         = {G. R. Walker},
    Booktitle      = {Pacific Conference on Earthquake Engineering, Australia 1995},
    Pages          = {353--361},
    Title          = {Prediction of Insurance Loss from Earhtquakes},
    Year           = {1995}
}

@ARTICLE{Weichert79,
    Author         = {D. H. Weichert and W. G. Milne},
    Journal        = {69},
    Pages          = {1549--1566},
    Title          = {On {C}anadian Methodologies of Probabilistic Seismic Risk
                      Estimation},
    Year           = {1979}
}

@ARTICLE{Weichert80,
    Author         = {D. H. Weichert},
    Journal        = {70},
    Pages          = {1337--1346},
    Title          = {Estimation of the Earthquake Recurrence Parameters for Unequal
                      Observation Periods for Different Magnitudes},
    Year           = {1980}
}

@ARTICLE{Wells94,
    Author         = {D. L. Wells and K. J. Coppersmith},
    Journal        = {84},
    Pages          = {974--1002},
    Title          = {New Empirical Relationships Among Magnitude, Rupture Length,
                      Rupture Width, Rupture Area, and Surface Displacement},
    Year           = {1994}
}

@INPROCEEDINGS{Williams01,
    Author         = {N. C. Williams and M. Leonard},
    Booktitle      = {Earthquake Codes in the Real World},
    Editor         = {K. McCue and C. Bubb and D. Finlayson and G. Horoschun and B.
                      Butler},
    Pages          = {26-1--26-6},
    Publisher      = {Australian Earthquake Engineering Society},
    Title          = {Classifying the Seismic Regions of {A}ustralia.},
    Year           = {2001}
}

@ARTICLE{Wilson98,
    Author         = {W. G. Wilson},
    Journal        = {151},
    Pages          = {116--134},
    Title          = {Resolving Discrepancies Between Deterministic Population Models and
                      Individual-Based Simulations},
    Year           = {1998}
}

@ARTICLE{Woo96,
    Author         = {G. Woo},
    Journal        = {86},
    Pages          = {353--362},
    Title          = {Kernael Estimation Methods for Seismic Hazard Area Source Modeling},
    Year           = {1996}
}

@ARTICLE{Woo97,
    Author         = {G. Woo},
    Journal        = {13},
    Pages          = {833--849},
    Title          = {The Treatment of Earthquake Portfolio Uncertainty: A Focus on
                      Issues of Asset Distribution},
    Year           = {1997}
}

@BOOK{Woo01,
    Address        = {London},
    Author         = {G. Woo},
    Publisher      = {Imperial College press},
    Title          = {The Mathematics of Natural Catastrophes},
    Year           = {2001}
}

@INCOLLECTION{Yong96,
    Address        = {Dordrecht, The Netherlands},
    Author         = {C. Yong and C. Xinglian and F. Y. Zhiqian and Y. Mandong},
    Booktitle      = {Eartyhquake Hazard and Risk},
    Editor         = {V. Schenk},
    Pages          = {211--220},
    Publisher      = {Kluwer},
    Title          = {Estimating Losses from Future Earthquakes in China},
    Year           = {1996}
}

